scraped_at,bank,currency,bid,ask,mid,spread,rate_date,source_bank_label
2026-05-27T12:52:53+00:00,DNB,NOK,0.9919,1.0059,0.9989,0.014,2026-05-27,Norge
2026-05-27T12:52:53+00:00,DNB,USD,9.2241,9.3301,9.2771,0.106,2026-05-27,USA
2026-05-27T12:52:53+00:00,DNB,EUR,10.7425,10.8675,10.805,0.125,2026-05-27,Europeiska unionen
2026-05-27T12:52:53+00:00,DNB,DKK,1.4382,1.4531999999999998,1.4457,0.015,2026-05-27,Danmark
2026-05-27T12:52:53+00:00,DNB,GBP,12.4095,12.5555,12.4825,0.146,2026-05-27,Storbritannien
2026-05-27T12:52:53+00:00,DNB,CHF,11.766300000000001,11.8783,11.8223,0.112,2026-05-27,Schweiz
2026-05-27T12:52:53+00:00,DNB,JPY,0.057709,0.058709,0.058209,0.001,2026-05-27,Japan
2026-05-27T12:52:53+00:00,DNB,AED,2.5047,2.5487,2.5267,0.044,2026-05-27,Arabemirater
2026-05-27T12:52:53+00:00,DNB,AUD,6.5867,6.6717,6.6292,0.085,2026-05-27,Australien
2026-05-27T12:52:53+00:00,DNB,BHD,24.4372,24.8372,24.6372,0.4,2026-05-27,Bahrain
2026-05-27T12:52:53+00:00,DNB,BWP,0.7133,0.7433,0.7283,0.03,2026-05-27,Botswana
2026-05-27T12:52:53+00:00,DNB,PHP,0.1485,0.1539,0.1512,0.0054,2026-05-27,Filippinerna
2026-05-27T12:52:53+00:00,DNB,HKD,1.172,1.196,1.184,0.024,2026-05-27,Hong Kong
2026-05-27T12:52:53+00:00,DNB,INR,0.0947,0.0991,0.0969,0.0044,2026-05-27,Indien
2026-05-27T12:52:53+00:00,DNB,IDR,0.000511,0.000535,0.000523,2.4e-05,2026-05-27,Indonesien
2026-05-27T12:52:53+00:00,DNB,ISK,0.074452,0.077052,0.075752,0.0026,2026-05-27,Island
2026-05-27T12:52:53+00:00,DNB,ILS,3.2455,3.3055,3.2755,0.06,2026-05-27,Israel
2026-05-27T12:52:53+00:00,DNB,CAD,6.6687,6.7587,6.7137,0.09,2026-05-27,Kanada
2026-05-27T12:52:53+00:00,DNB,KES,0.070559,0.073559,0.072059,0.003,2026-05-27,Kenya
2026-05-27T12:52:53+00:00,DNB,CNH,1.3529,1.3829,1.3679,0.03,2026-05-27,Kina
2026-05-27T12:52:53+00:00,DNB,CNY,1.3537000000000001,1.3837000000000002,1.3687,0.03,2026-05-27,Kina
2026-05-27T12:52:53+00:00,DNB,KWD,30.0974,30.5974,30.3474,0.5,2026-05-27,Kuwait
2026-05-27T12:52:53+00:00,DNB,MAD,0.9902,1.0342,1.0122,0.044,2026-05-27,Marocko
2026-05-27T12:52:53+00:00,DNB,MXN,0.5297,0.5437,0.5367,0.014,2026-05-27,Mexiko
2026-05-27T12:52:53+00:00,DNB,NZD,5.4092,5.4912,5.4502,0.082,2026-05-27,Nya Zeeland
2026-05-27T12:52:53+00:00,DNB,OMR,23.93,24.33,24.13,0.4,2026-05-27,Oman
2026-05-27T12:52:53+00:00,DNB,PKR,0.0326,0.0342,0.0334,0.0016,2026-05-27,Pakistan
2026-05-27T12:52:53+00:00,DNB,PLN,2.5277000000000003,2.5726999999999998,2.5502,0.045,2026-05-27,Polen
2026-05-27T12:52:53+00:00,DNB,QAR,2.5262,2.5702,2.5482,0.044,2026-05-27,Qatar
2026-05-27T12:52:53+00:00,DNB,RON,2.0388,2.0908,2.0648,0.052,2026-05-27,Rum‰nien
2026-05-27T12:52:53+00:00,DNB,SAR,2.4527,2.4927,2.4727,0.04,2026-05-27,Saudiarabien
2026-05-27T12:52:53+00:00,DNB,SGD,7.2125,7.2965,7.2545,0.084,2026-05-27,Singapore
2026-05-27T12:52:53+00:00,DNB,LKR,0.0278,0.0294,0.0286,0.0016,2026-05-27,Sri Lanka
2026-05-27T12:52:53+00:00,DNB,ZAR,0.5534,0.5794,0.5664,0.026,2026-05-27,Sydafrika
2026-05-27T12:52:53+00:00,DNB,KRW,0.006087,0.006287,0.006187,0.0002,2026-05-27,Sydkorea
2026-05-27T12:52:53+00:00,DNB,TZS,0.003503,0.003643,0.003573,0.00014,2026-05-27,Tanzania
2026-05-27T12:52:53+00:00,DNB,THB,0.2812,0.2882,0.2847,0.007,2026-05-27,Thailand
2026-05-27T12:52:53+00:00,DNB,CZK,0.44189999999999996,0.4485,0.4452,0.0066,2026-05-27,Tjeckien
2026-05-27T12:52:53+00:00,DNB,TND,3.1806,3.2806,3.2306,0.1,2026-05-27,Tunisien
2026-05-27T12:52:53+00:00,DNB,TRY,0.1972,0.2072,0.2022,0.01,2026-05-27,Turkiet
2026-05-27T12:52:53+00:00,DNB,HUF,0.030055000000000002,0.030754999999999998,0.030405,0.0007,2026-05-27,Ungern
2026-05-27T12:52:53+00:00,Nordea,AED,2.4913,2.5602,2.52575,0.0689,2026-05-27,
2026-05-27T12:52:53+00:00,Nordea,AUD,6.5651,6.6955,6.6303,0.1304,2026-05-27,
2026-05-27T12:52:53+00:00,Nordea,BDT,0.073069,0.077917,0.075493,0.004848,2026-05-27,
2026-05-27T12:52:53+00:00,Nordea,BHD,24.2687,24.9466,24.60765,0.6779,2026-05-27,
2026-05-27T12:52:53+00:00,Nordea,CAD,6.6485,6.7805,6.7145,0.132,2026-05-27,
2026-05-27T12:52:53+00:00,Nordea,CHF,11.7053,11.938,11.82165,0.2327,2026-05-27,
2026-05-27T12:52:53+00:00,Nordea,CNH,1.3496,1.3867,1.36815,0.0371,2026-05-27,
2026-05-27T12:52:53+00:00,Nordea,CNY,1.34054,1.39576,1.36815,0.05522,2026-05-27,
2026-05-27T12:52:53+00:00,Nordea,CZK,0.44051,0.44954,0.445025,0.00903,2026-05-27,
2026-05-27T12:52:53+00:00,Nordea,DKK,1.43188,1.46032,1.4461,0.02844,2026-05-27,
2026-05-27T12:52:53+00:00,Nordea,EGP,0.1722,0.1831,0.17765,0.0109,2026-05-27,
2026-05-27T12:52:53+00:00,Nordea,EUR,10.7127,10.9255,10.8191,0.2128,2026-05-27,
2026-05-27T12:52:53+00:00,Nordea,GBP,12.3588,12.6041,12.48145,0.2453,2026-05-27,
2026-05-27T12:52:53+00:00,Nordea,GIP,12.351376,12.610977,12.481177,0.259601,2026-05-27,
2026-05-27T12:52:53+00:00,Nordea,HKD,1.16832,1.20045,1.184385,0.03213,2026-05-27,
2026-05-27T12:52:53+00:00,Nordea,HUF,0.030097,0.03071,0.030403,0.000613,2026-05-27,
2026-05-27T12:52:53+00:00,Nordea,IDR,0.0005109,0.0005322,0.000522,2.1e-05,2026-05-27,
2026-05-27T12:52:53+00:00,Nordea,ILS,3.2278,3.3179,3.27285,0.0901,2026-05-27,
2026-05-27T12:52:53+00:00,Nordea,INR,0.09494,0.09884,0.09689,0.0039,2026-05-27,
2026-05-27T12:52:53+00:00,Nordea,ISK,0.0738,0.077,0.0754,0.0032,2026-05-27,
2026-05-27T12:52:53+00:00,Nordea,JPY,0.057658,0.058802,0.05823,0.001144,2026-05-27,
2026-05-27T12:52:53+00:00,Nordea,KES,0.0701,0.0733,0.0717,0.0032,2026-05-27,
2026-05-27T12:52:53+00:00,Nordea,KRW,0.006063,0.006289,0.006176,0.000226,2026-05-27,
2026-05-27T12:52:53+00:00,Nordea,KWD,29.5443,30.4016,29.97295,0.8573,2026-05-27,
2026-05-27T12:52:53+00:00,Nordea,KZT,0.018936,0.01973,0.019333,0.000794,2026-05-27,
2026-05-27T12:52:53+00:00,Nordea,LKR,0.027641,0.029384,0.028512,0.001743,2026-05-27,
2026-05-27T12:52:53+00:00,Nordea,MAD,0.9892,1.031,1.0101,0.0418,2026-05-27,
2026-05-27T12:52:53+00:00,Nordea,MXN,0.52883,0.54343,0.53613,0.0146,2026-05-27,
2026-05-27T12:52:53+00:00,Nordea,MYR,2.3131,2.3657,2.3394,0.0526,2026-05-27,
2026-05-27T12:52:53+00:00,Nordea,NOK,0.98891,1.00874,0.998825,0.01983,2026-05-27,
2026-05-27T12:52:53+00:00,Nordea,NZD,5.3953,5.5027,5.449,0.1074,2026-05-27,
2026-05-27T12:52:53+00:00,Nordea,PEN,2.654029,2.764723,2.709376,0.110694,2026-05-27,
2026-05-27T12:52:53+00:00,Nordea,PHP,0.1476,0.1538,0.1507,0.0062,2026-05-27,
2026-05-27T12:52:53+00:00,Nordea,PKR,0.0322,0.0343,0.03325,0.0021,2026-05-27,
2026-05-27T12:52:53+00:00,Nordea,PLN,2.52545,2.57579,2.55062,0.05034,2026-05-27,
2026-05-27T12:52:53+00:00,Nordea,QAR,2.4928,2.5966,2.5447,0.1038,2026-05-27,
2026-05-27T12:52:53+00:00,Nordea,RON,2.0416,2.083,2.0623,0.0414,2026-05-27,
2026-05-27T12:52:53+00:00,Nordea,RSD,0.090089,0.093967,0.092028,0.003878,2026-05-27,
2026-05-27T12:52:53+00:00,Nordea,SAR,2.4376,2.506,2.4718,0.0684,2026-05-27,
2026-05-27T12:52:53+00:00,Nordea,SGD,7.1942,7.337,7.2656,0.1428,2026-05-27,
2026-05-27T12:52:53+00:00,Nordea,THB,0.28093,0.28867,0.2848,0.00774,2026-05-27,
2026-05-27T12:52:53+00:00,Nordea,TND,3.127,3.2673,3.19715,0.1403,2026-05-27,
2026-05-27T12:52:53+00:00,Nordea,TRY,0.1981,0.2062,0.20215,0.0081,2026-05-27,
2026-05-27T12:52:53+00:00,Nordea,USD,9.1881,9.3703,9.2792,0.1822,2026-05-27,
2026-05-27T12:52:53+00:00,Nordea,ZAR,0.56113,0.57295,0.56704,0.01182,2026-05-27,
2026-05-27T12:52:53+00:00,Nordea,AED,2.4913,2.5602,2.52575,0.0689,2026-05-27,
2026-05-27T12:52:53+00:00,Nordea,AUD,6.5651,6.6955,6.6303,0.1304,2026-05-27,
2026-05-27T12:52:53+00:00,Nordea,BDT,0.073069,0.077917,0.075493,0.004848,2026-05-27,
2026-05-27T12:52:53+00:00,Nordea,BHD,24.2687,24.9466,24.60765,0.6779,2026-05-27,
2026-05-27T12:52:53+00:00,Nordea,CAD,6.6485,6.7805,6.7145,0.132,2026-05-27,
2026-05-27T12:52:53+00:00,Nordea,CHF,11.7053,11.938,11.82165,0.2327,2026-05-27,
2026-05-27T12:52:53+00:00,Nordea,CNH,1.3496,1.3867,1.36815,0.0371,2026-05-27,
2026-05-27T12:52:53+00:00,Nordea,CNY,1.34054,1.39576,1.36815,0.05522,2026-05-27,
2026-05-27T12:52:53+00:00,Nordea,CZK,0.44051,0.44954,0.445025,0.00903,2026-05-27,
2026-05-27T12:52:53+00:00,Nordea,DKK,1.43188,1.46032,1.4461,0.02844,2026-05-27,
2026-05-27T12:52:53+00:00,Nordea,EGP,0.1722,0.1831,0.17765,0.0109,2026-05-27,
2026-05-27T12:52:53+00:00,Nordea,EUR,10.6968,10.9093,10.80305,0.2125,2026-05-27,
2026-05-27T12:52:53+00:00,Nordea,GBP,12.3588,12.6041,12.48145,0.2453,2026-05-27,
2026-05-27T12:52:53+00:00,Nordea,GIP,12.351376,12.610977,12.481177,0.259601,2026-05-27,
2026-05-27T12:52:53+00:00,Nordea,HKD,1.16832,1.20045,1.184385,0.03213,2026-05-27,
2026-05-27T12:52:53+00:00,Nordea,HUF,0.030097,0.03071,0.030403,0.000613,2026-05-27,
2026-05-27T12:52:53+00:00,Nordea,IDR,0.0005109,0.0005322,0.000522,2.1e-05,2026-05-27,
2026-05-27T12:52:53+00:00,Nordea,ILS,3.2278,3.3179,3.27285,0.0901,2026-05-27,
2026-05-27T12:52:53+00:00,Nordea,INR,0.09494,0.09884,0.09689,0.0039,2026-05-27,
2026-05-27T12:52:53+00:00,Nordea,ISK,0.0738,0.077,0.0754,0.0032,2026-05-27,
2026-05-27T12:52:53+00:00,Nordea,JPY,0.057658,0.058802,0.05823,0.001144,2026-05-27,
2026-05-27T12:52:53+00:00,Nordea,KES,0.0701,0.0733,0.0717,0.0032,2026-05-27,
2026-05-27T12:52:53+00:00,Nordea,KRW,0.006063,0.006289,0.006176,0.000226,2026-05-27,
2026-05-27T12:52:53+00:00,Nordea,KWD,29.5443,30.4016,29.97295,0.8573,2026-05-27,
2026-05-27T12:52:53+00:00,Nordea,KZT,0.018936,0.01973,0.019333,0.000794,2026-05-27,
2026-05-27T12:52:53+00:00,Nordea,LKR,0.027641,0.029384,0.028512,0.001743,2026-05-27,
2026-05-27T12:52:53+00:00,Nordea,MAD,0.9892,1.031,1.0101,0.0418,2026-05-27,
2026-05-27T12:52:53+00:00,Nordea,MXN,0.52883,0.54343,0.53613,0.0146,2026-05-27,
2026-05-27T12:52:53+00:00,Nordea,MYR,2.3131,2.3657,2.3394,0.0526,2026-05-27,
2026-05-27T12:52:53+00:00,Nordea,NOK,0.98891,1.00874,0.998825,0.01983,2026-05-27,
2026-05-27T12:52:53+00:00,Nordea,NZD,5.3953,5.5027,5.449,0.1074,2026-05-27,
2026-05-27T12:52:53+00:00,Nordea,PEN,2.654029,2.764723,2.709376,0.110694,2026-05-27,
2026-05-27T12:52:53+00:00,Nordea,PHP,0.1476,0.1538,0.1507,0.0062,2026-05-27,
2026-05-27T12:52:53+00:00,Nordea,PKR,0.0322,0.0343,0.03325,0.0021,2026-05-27,
2026-05-27T12:52:53+00:00,Nordea,PLN,2.52545,2.57579,2.55062,0.05034,2026-05-27,
2026-05-27T12:52:53+00:00,Nordea,QAR,2.4928,2.5966,2.5447,0.1038,2026-05-27,
2026-05-27T12:52:53+00:00,Nordea,RON,2.0416,2.083,2.0623,0.0414,2026-05-27,
2026-05-27T12:52:53+00:00,Nordea,RSD,0.090089,0.093967,0.092028,0.003878,2026-05-27,
2026-05-27T12:52:53+00:00,Nordea,SAR,2.4376,2.506,2.4718,0.0684,2026-05-27,
2026-05-27T12:52:53+00:00,Nordea,SGD,7.1942,7.337,7.2656,0.1428,2026-05-27,
2026-05-27T12:52:53+00:00,Nordea,THB,0.28093,0.28867,0.2848,0.00774,2026-05-27,
2026-05-27T12:52:53+00:00,Nordea,TND,3.127,3.2673,3.19715,0.1403,2026-05-27,
2026-05-27T12:52:53+00:00,Nordea,TRY,0.1981,0.2062,0.20215,0.0081,2026-05-27,
2026-05-27T12:52:53+00:00,Nordea,USD,9.1881,9.3703,9.2792,0.1822,2026-05-27,
2026-05-27T12:52:53+00:00,Nordea,ZAR,0.56113,0.57295,0.56704,0.01182,2026-05-27,
2026-05-27T12:52:53+00:00,Nordea,AED,2.4858,2.5549,2.52035,0.0691,2026-05-27,
2026-05-27T12:52:53+00:00,Nordea,AUD,6.5401,6.6713,6.6057,0.1312,2026-05-27,
2026-05-27T12:52:53+00:00,Nordea,BDT,0.072905,0.077757,0.075331,0.004852,2026-05-27,
2026-05-27T12:52:53+00:00,Nordea,BHD,24.2141,24.8952,24.55465,0.6811,2026-05-27,
2026-05-27T12:52:53+00:00,Nordea,CAD,6.6272,6.76,6.6936,0.1328,2026-05-27,
2026-05-27T12:52:53+00:00,Nordea,CHF,11.6614,11.8932,11.7773,0.2318,2026-05-27,
2026-05-27T12:52:53+00:00,Nordea,CNH,1.3466,1.3839,1.36525,0.0373,2026-05-27,
2026-05-27T12:52:53+00:00,Nordea,CNY,1.33774,1.39305,1.365395,0.05531,2026-05-27,
2026-05-27T12:52:53+00:00,Nordea,CZK,0.43936,0.44834,0.44385,0.00898,2026-05-27,
2026-05-27T12:52:53+00:00,Nordea,DKK,1.42791,1.45629,1.4421,0.02838,2026-05-27,
2026-05-27T12:52:53+00:00,Nordea,EGP,0.1718,0.1828,0.1773,0.011,2026-05-27,
2026-05-27T12:52:53+00:00,Nordea,EUR,10.6831,10.8951,10.7891,0.212,2026-05-27,
2026-05-27T12:52:53+00:00,Nordea,GBP,12.3201,12.567,12.44355,0.2469,2026-05-27,
2026-05-27T12:52:53+00:00,Nordea,GIP,12.313331,12.574526,12.443929,0.261195,2026-05-27,
2026-05-27T12:52:53+00:00,Nordea,HKD,1.16585,1.19814,1.181995,0.03229,2026-05-27,
2026-05-27T12:52:53+00:00,Nordea,HUF,0.030066,0.030684,0.030375,0.000618,2026-05-27,
2026-05-27T12:52:53+00:00,Nordea,IDR,0.0005097,0.0005311,0.00052,2.1e-05,2026-05-27,
2026-05-27T12:52:53+00:00,Nordea,ILS,3.2137,3.3039,3.2588,0.0902,2026-05-27,
2026-05-27T12:52:53+00:00,Nordea,INR,0.09478,0.0987,0.09674,0.00392,2026-05-27,
2026-05-27T12:52:53+00:00,Nordea,ISK,0.0737,0.0768,0.07525,0.0031,2026-05-27,
2026-05-27T12:52:53+00:00,Nordea,JPY,0.057514,0.058667,0.058091,0.001153,2026-05-27,
2026-05-27T12:52:53+00:00,Nordea,KES,0.07,0.073,0.0715,0.003,2026-05-27,
2026-05-27T12:52:53+00:00,Nordea,KRW,0.006066,0.006291,0.006178,0.000225,2026-05-27,
2026-05-27T12:52:53+00:00,Nordea,KWD,29.4756,30.3306,29.9031,0.855,2026-05-27,
2026-05-27T12:52:53+00:00,Nordea,KZT,0.018888,0.019682,0.019285,0.000794,2026-05-27,
2026-05-27T12:52:53+00:00,Nordea,LKR,0.027499,0.02921,0.028354,0.001711,2026-05-27,
2026-05-27T12:52:53+00:00,Nordea,MAD,0.987,1.0302,1.0086,0.0432,2026-05-27,
2026-05-27T12:52:53+00:00,Nordea,MXN,0.52768,0.54233,0.535005,0.01465,2026-05-27,
2026-05-27T12:52:53+00:00,Nordea,MYR,2.3079,2.3608,2.33435,0.0529,2026-05-27,
2026-05-27T12:52:53+00:00,Nordea,NOK,0.98864,1.00859,0.998615,0.01995,2026-05-27,
2026-05-27T12:52:53+00:00,Nordea,NZD,5.3915,5.4998,5.44565,0.1083,2026-05-27,
2026-05-27T12:52:53+00:00,Nordea,PEN,2.648057,2.759025,2.703541,0.110968,2026-05-27,
2026-05-27T12:52:53+00:00,Nordea,PHP,0.1473,0.1535,0.1504,0.0062,2026-05-27,
2026-05-27T12:52:53+00:00,Nordea,PKR,0.0322,0.0343,0.03325,0.0021,2026-05-27,
2026-05-27T12:52:53+00:00,Nordea,PLN,2.51956,2.56979,2.544675,0.05023,2026-05-27,
2026-05-27T12:52:53+00:00,Nordea,QAR,2.4872,2.5912,2.5392,0.104,2026-05-27,
2026-05-27T12:52:53+00:00,Nordea,RON,2.0364,2.0778,2.0571,0.0414,2026-05-27,
2026-05-27T12:52:53+00:00,Nordea,RSD,0.089829,0.093689,0.091759,0.00386,2026-05-27,
2026-05-27T12:52:53+00:00,Nordea,SAR,2.4323,2.5008,2.46655,0.0685,2026-05-27,
2026-05-27T12:52:53+00:00,Nordea,SGD,7.1765,7.3204,7.24845,0.1439,2026-05-27,
2026-05-27T12:52:53+00:00,Nordea,THB,0.28016,0.28794,0.28405,0.00778,2026-05-27,
2026-05-27T12:52:53+00:00,Nordea,TND,3.1238,3.2773,3.20055,0.1535,2026-05-27,
2026-05-27T12:52:53+00:00,Nordea,TRY,0.1976,0.2057,0.20165,0.0081,2026-05-27,
2026-05-27T12:52:53+00:00,Nordea,USD,9.1675,9.351,9.25925,0.1835,2026-05-27,
2026-05-27T12:52:53+00:00,Nordea,ZAR,0.56015,0.57206,0.566105,0.01191,2026-05-27,
2026-05-27T12:52:53+00:00,Nordea,AED,2.4858,2.5549,2.52035,0.0691,2026-05-27,
2026-05-27T12:52:53+00:00,Nordea,AUD,6.5401,6.6713,6.6057,0.1312,2026-05-27,
2026-05-27T12:52:53+00:00,Nordea,BDT,0.072905,0.077757,0.075331,0.004852,2026-05-27,
2026-05-27T12:52:53+00:00,Nordea,BHD,24.2141,24.8952,24.55465,0.6811,2026-05-27,
2026-05-27T12:52:53+00:00,Nordea,CAD,6.6272,6.76,6.6936,0.1328,2026-05-27,
2026-05-27T12:52:53+00:00,Nordea,CHF,11.6614,11.8932,11.7773,0.2318,2026-05-27,
2026-05-27T12:52:53+00:00,Nordea,CNH,1.3466,1.3839,1.36525,0.0373,2026-05-27,
2026-05-27T12:52:53+00:00,Nordea,CNY,1.33774,1.39305,1.365395,0.05531,2026-05-27,
2026-05-27T12:52:53+00:00,Nordea,CZK,0.43936,0.44834,0.44385,0.00898,2026-05-27,
2026-05-27T12:52:53+00:00,Nordea,DKK,1.42791,1.45629,1.4421,0.02838,2026-05-27,
2026-05-27T12:52:53+00:00,Nordea,EGP,0.1718,0.1828,0.1773,0.011,2026-05-27,
2026-05-27T12:52:53+00:00,Nordea,EUR,10.6831,10.8951,10.7891,0.212,2026-05-27,
2026-05-27T12:52:53+00:00,Nordea,GBP,12.3201,12.567,12.44355,0.2469,2026-05-27,
2026-05-27T12:52:53+00:00,Nordea,GIP,12.313331,12.574526,12.443929,0.261195,2026-05-27,
2026-05-27T12:52:53+00:00,Nordea,HKD,1.16585,1.19814,1.181995,0.03229,2026-05-27,
2026-05-27T12:52:53+00:00,Nordea,HUF,0.030066,0.030684,0.030375,0.000618,2026-05-27,
2026-05-27T12:52:53+00:00,Nordea,IDR,0.0005097,0.0005311,0.00052,2.1e-05,2026-05-27,
2026-05-27T12:52:53+00:00,Nordea,ILS,3.2137,3.3039,3.2588,0.0902,2026-05-27,
2026-05-27T12:52:53+00:00,Nordea,INR,0.09478,0.0987,0.09674,0.00392,2026-05-27,
2026-05-27T12:52:53+00:00,Nordea,ISK,0.0737,0.0768,0.07525,0.0031,2026-05-27,
2026-05-27T12:52:53+00:00,Nordea,JPY,0.057514,0.058667,0.058091,0.001153,2026-05-27,
2026-05-27T12:52:53+00:00,Nordea,KES,0.07,0.073,0.0715,0.003,2026-05-27,
2026-05-27T12:52:53+00:00,Nordea,KRW,0.006066,0.006291,0.006178,0.000225,2026-05-27,
2026-05-27T12:52:53+00:00,Nordea,KWD,29.4756,30.3306,29.9031,0.855,2026-05-27,
2026-05-27T12:52:53+00:00,Nordea,KZT,0.018888,0.019682,0.019285,0.000794,2026-05-27,
2026-05-27T12:52:53+00:00,Nordea,LKR,0.027499,0.02921,0.028354,0.001711,2026-05-27,
2026-05-27T12:52:53+00:00,Nordea,MAD,0.987,1.0302,1.0086,0.0432,2026-05-27,
2026-05-27T12:52:53+00:00,Nordea,MXN,0.52768,0.54233,0.535005,0.01465,2026-05-27,
2026-05-27T12:52:53+00:00,Nordea,MYR,2.3079,2.3608,2.33435,0.0529,2026-05-27,
2026-05-27T12:52:53+00:00,Nordea,NOK,0.98864,1.00859,0.998615,0.01995,2026-05-27,
2026-05-27T12:52:53+00:00,Nordea,NZD,5.3915,5.4998,5.44565,0.1083,2026-05-27,
2026-05-27T12:52:53+00:00,Nordea,PEN,2.648057,2.759025,2.703541,0.110968,2026-05-27,
2026-05-27T12:52:53+00:00,Nordea,PHP,0.1473,0.1535,0.1504,0.0062,2026-05-27,
2026-05-27T12:52:53+00:00,Nordea,PKR,0.0322,0.0343,0.03325,0.0021,2026-05-27,
2026-05-27T12:52:53+00:00,Nordea,PLN,2.51956,2.56979,2.544675,0.05023,2026-05-27,
2026-05-27T12:52:53+00:00,Nordea,QAR,2.4872,2.5912,2.5392,0.104,2026-05-27,
2026-05-27T12:52:53+00:00,Nordea,RON,2.0364,2.0778,2.0571,0.0414,2026-05-27,
2026-05-27T12:52:53+00:00,Nordea,RSD,0.089829,0.093689,0.091759,0.00386,2026-05-27,
2026-05-27T12:52:53+00:00,Nordea,SAR,2.4323,2.5008,2.46655,0.0685,2026-05-27,
2026-05-27T12:52:53+00:00,Nordea,SGD,7.1765,7.3204,7.24845,0.1439,2026-05-27,
2026-05-27T12:52:53+00:00,Nordea,THB,0.28016,0.28794,0.28405,0.00778,2026-05-27,
2026-05-27T12:52:53+00:00,Nordea,TND,3.1238,3.2773,3.20055,0.1535,2026-05-27,
2026-05-27T12:52:53+00:00,Nordea,TRY,0.1976,0.2057,0.20165,0.0081,2026-05-27,
2026-05-27T12:52:53+00:00,Nordea,USD,9.1675,9.351,9.25925,0.1835,2026-05-27,
2026-05-27T12:52:53+00:00,Nordea,ZAR,0.56015,0.57206,0.566105,0.01191,2026-05-27,
2026-05-27T12:52:53+00:00,SEB,AUD,6.582,6.662,6.622,0.08,2026-05-27,Australien
2026-05-27T12:52:53+00:00,SEB,DKK,1.437555,1.453555,1.445555,0.016,2026-05-27,Danmark
2026-05-27T12:52:53+00:00,SEB,EUR,10.73185,10.87185,10.80185,0.14,2026-05-27,Euro
2026-05-27T12:52:53+00:00,SEB,HKD,1.1709,1.1971,1.184,0.0262,2026-05-27,Hongkong
2026-05-27T12:52:53+00:00,SEB,INR,0.093751,0.099951,0.096851,0.0062,2026-05-27,Indien
2026-05-27T12:52:53+00:00,SEB,IDR,0.000508,0.000541,0.000525,3.3e-05,2026-05-27,Indonesien
2026-05-27T12:52:53+00:00,SEB,ISK,0.075262,0.075602,0.075432,0.00034,2026-05-27,Island
2026-05-27T12:52:53+00:00,SEB,JPY,0.057735,0.058676,0.058206,0.000941,2026-05-27,Japan
2026-05-27T12:52:53+00:00,SEB,CAD,6.6674,6.7535,6.71045,0.0861,2026-05-27,Kanada
2026-05-27T12:52:53+00:00,SEB,CNY,1.3578,1.3778,1.3678,0.02,2026-05-27,Kina
2026-05-27T12:52:53+00:00,SEB,HRK,1.42365,1.443651,1.433651,0.020001,2026-12-11,Kroatien
2026-05-27T12:52:53+00:00,SEB,MYR,2.323625,2.353626,2.338626,0.030001,2026-05-27,Malaysia
2026-05-27T12:52:53+00:00,SEB,MAD,0.9917,1.0263,1.009,0.0346,2026-05-27,Marocko
2026-05-27T12:52:53+00:00,SEB,MXN,0.529,0.5431,0.53605,0.0141,2026-05-27,Mexiko
2026-05-27T12:52:53+00:00,SEB,NOK,0.998005,1.011005,1.004505,0.013,2026-05-27,Norge
2026-05-27T12:52:53+00:00,SEB,NZD,5.4098,5.4918,5.4508,0.082,2026-05-27,Nya Zeeland
2026-05-27T12:52:53+00:00,SEB,PLN,2.5281,2.5682,2.54815,0.0401,2026-05-27,Polen
2026-05-27T12:52:53+00:00,SEB,RUB,0.128245,0.132625,0.130435,0.00438,2026-05-27,Ryssland
2026-05-27T12:52:53+00:00,SEB,SAR,2.4392,2.5034,2.4713,0.0642,2026-05-27,Saudiarabien
2026-05-27T12:52:53+00:00,SEB,CHF,11.75285,11.86485,11.80885,0.112,2026-05-27,Schweiz
2026-05-27T12:52:53+00:00,SEB,SGD,7.2267,7.2981,7.2624,0.0714,2026-05-27,Singapore
2026-05-27T12:52:53+00:00,SEB,GBP,12.4069,12.5469,12.4769,0.14,2026-05-27,Storbritannien
2026-05-27T12:52:53+00:00,SEB,ZAR,0.5581,0.5761,0.5671,0.018,2026-05-27,Sydafrika
2026-05-27T12:52:53+00:00,SEB,KRW,0.006087,0.006259,0.006173,0.000172,2026-05-27,Sydkorea
2026-05-27T12:52:53+00:00,SEB,THB,0.2819,0.2878,0.28485,0.0059,2026-05-27,Thailand
2026-05-27T12:52:53+00:00,SEB,CZK,0.441705,0.448305,0.445005,0.0066,2026-05-27,Tjeckien
2026-05-27T12:52:53+00:00,SEB,TRY,0.1676,0.2365,0.20205,0.0689,2026-05-27,Turkiet
2026-05-27T12:52:53+00:00,SEB,HUF,0.030028,0.030789,0.030408,0.000761,2026-05-27,Ungern
2026-05-27T12:52:53+00:00,SEB,USD,9.2086,9.3437,9.27615,0.1351,2026-05-27,USA
2026-05-27T12:52:53+00:00,Danske Bank,AUD,6.5635,6.6518,6.60765,0.0883,11:59:59,Australiensiska dollar
2026-05-27T12:52:53+00:00,Danske Bank,BRL,1.7878,1.8889,1.83835,0.1011,11:59:59,Brasilianska real
2026-05-27T12:52:53+00:00,Danske Bank,CAD,6.6482,6.7361,6.69215,0.0879,11:59:59,Kanadensiska dollar
2026-05-27T12:52:53+00:00,Danske Bank,CHF,11.7061,11.8419,11.774,0.1358,11:59:59,Schweiziska franc
2026-05-27T12:52:53+00:00,Danske Bank,CNY,1.3489,1.3796,1.36425,0.0307,11:59:59,Kinesiska yuan
2026-05-27T12:52:53+00:00,Danske Bank,CZK,0.43919,0.44853,0.44386,0.00934,11:59:59,Tjeckiska koruna
2026-05-27T12:52:53+00:00,Danske Bank,DKK,1.4334,1.45,1.4417,0.0166,11:59:59,Danska kronor
2026-05-27T12:52:53+00:00,Danske Bank,EUR,10.7062,10.8398,10.773,0.1336,11:59:59,Euro
2026-05-27T12:52:53+00:00,Danske Bank,GBP,12.3663,12.5117,12.439,0.1454,11:59:59,Pound sterling
2026-05-27T12:52:53+00:00,Danske Bank,HKD,1.1686,1.1931,1.18085,0.0245,11:59:59,Hong Kong dollar
2026-05-27T12:52:53+00:00,Danske Bank,HUF,0.029855,0.030881,0.030368,0.001026,11:59:59,Ungerska forint
2026-05-27T12:52:53+00:00,Danske Bank,ILS,3.1821,3.3408,3.26145,0.1587,11:59:59,Israelska new shekel
2026-05-27T12:52:53+00:00,Danske Bank,INR,0.093353,0.099998,0.0966755,0.006645,11:59:59,Indiska rupees
2026-05-27T12:52:53+00:00,Danske Bank,JPY,0.057541,0.058566,0.0580535,0.001025,11:59:59,Japanska yen
2026-05-27T12:52:53+00:00,Danske Bank,NOK,0.9886,1.0034,0.996,0.0148,11:59:59,Norska kronor
2026-05-27T12:52:53+00:00,Danske Bank,NZD,5.3995,5.4879,5.4437,0.0884,11:59:59,Nya Zeeländska dollar
2026-05-27T12:52:53+00:00,Danske Bank,PLN,2.5127,2.5744,2.54355,0.0617,11:59:59,Polska zloty
2026-05-27T12:52:53+00:00,Danske Bank,SGD,7.204,7.2873,7.24565,0.0833,11:59:59,Singapore dollar
2026-05-27T12:52:53+00:00,Danske Bank,THB,0.27759,0.2908,0.284195,0.01321,11:59:59,Thailändska baht
2026-05-27T12:52:53+00:00,Danske Bank,TRY,0.18348,0.21959,0.201535,0.03611,11:59:59,Turkiska lira
2026-05-27T12:52:53+00:00,Danske Bank,USD,9.1847,9.318,9.25135,0.1333,11:59:59,Amerikanska dollar
2026-05-27T12:52:53+00:00,Danske Bank,ZAR,0.55637,0.57682,0.566595,0.02045,11:59:59,Sydafrikanska rand
2026-05-27T12:52:53+00:00,Handelsbanken,EUR,,,10.7736,,,EUR/SEK Spot
2026-05-27T12:52:53+00:00,Handelsbanken,USD,,,9.2414,,,USD/SEK Spot
2026-05-27T12:52:53+00:00,Handelsbanken,GBP,,,12.4334,,,GBP/SEK Spot
2026-05-27T12:52:53+00:00,Handelsbanken,JPY,,,5.801,,,JPY/SEK Spot
2026-05-27T12:52:53+00:00,Handelsbanken,CHF,,,11.7807,,,CHF/SEK Spot
2026-05-27T12:52:53+00:00,Handelsbanken,NOK,,,0.9961,,,NOK/SEK Spot
2026-05-27T12:52:53+00:00,Handelsbanken,DKK,,,1.4419,,,DKK/SEK Spot
2026-05-27T12:52:53+00:00,Handelsbanken,CAD,,,6.687,,,CAD/SEK Spot
2026-05-27T12:52:53+00:00,Handelsbanken,AUD,,,6.6038,,,AUD/SEK Spot
2026-05-27T12:52:53+00:00,Handelsbanken,NZD,,,5.4543,,,NZD/SEK Spot
