scraped_at,bank,pair,base_currency,quote_currency,bid,ask,mid,spread,raw_bid,raw_ask,raw_quoted_per_units,rate_date,source_bank_label
2026-05-27T15:04:49+00:00,DNB,NOK/SEK,NOK,SEK,0.9919,1.0059,0.9989,0.014,99.19,100.59,100,2026-05-27,Norge
2026-05-27T15:04:49+00:00,DNB,USD/SEK,USD,SEK,9.2241,9.3301,9.2771,0.106,9.2241,9.3301,1,2026-05-27,USA
2026-05-27T15:04:49+00:00,DNB,EUR/SEK,EUR,SEK,10.7425,10.8675,10.805,0.125,10.7425,10.8675,1,2026-05-27,Europeiska unionen
2026-05-27T15:04:49+00:00,DNB,DKK/SEK,DKK,SEK,1.4382,1.4531999999999998,1.4457,0.015,143.82,145.32,100,2026-05-27,Danmark
2026-05-27T15:04:49+00:00,DNB,GBP/SEK,GBP,SEK,12.4095,12.5555,12.4825,0.146,12.4095,12.5555,1,2026-05-27,Storbritannien
2026-05-27T15:04:49+00:00,DNB,CHF/SEK,CHF,SEK,11.766300000000001,11.8783,11.8223,0.112,1176.63,1187.83,100,2026-05-27,Schweiz
2026-05-27T15:04:49+00:00,DNB,JPY/SEK,JPY,SEK,0.057709,0.058709,0.058209,0.001,5.7709,5.8709,100,2026-05-27,Japan
2026-05-27T15:04:49+00:00,DNB,AED/SEK,AED,SEK,2.5047,2.5487,2.5267,0.044,2.5047,2.5487,1,2026-05-27,Arabemirater
2026-05-27T15:04:49+00:00,DNB,AUD/SEK,AUD,SEK,6.5867,6.6717,6.6292,0.085,6.5867,6.6717,1,2026-05-27,Australien
2026-05-27T15:04:49+00:00,DNB,BHD/SEK,BHD,SEK,24.4372,24.8372,24.6372,0.4,24.4372,24.8372,1,2026-05-27,Bahrain
2026-05-27T15:04:49+00:00,DNB,BWP/SEK,BWP,SEK,0.7133,0.7433,0.7283,0.03,0.7133,0.7433,1,2026-05-27,Botswana
2026-05-27T15:04:49+00:00,DNB,PHP/SEK,PHP,SEK,0.1485,0.1539,0.1512,0.0054,14.85,15.39,100,2026-05-27,Filippinerna
2026-05-27T15:04:49+00:00,DNB,HKD/SEK,HKD,SEK,1.172,1.196,1.184,0.024,1.172,1.196,1,2026-05-27,Hong Kong
2026-05-27T15:04:49+00:00,DNB,INR/SEK,INR,SEK,0.0947,0.0991,0.0969,0.0044,0.0947,0.0991,1,2026-05-27,Indien
2026-05-27T15:04:49+00:00,DNB,IDR/SEK,IDR,SEK,0.000511,0.000535,0.000523,2.4e-05,0.0511,0.0535,100,2026-05-27,Indonesien
2026-05-27T15:04:49+00:00,DNB,ISK/SEK,ISK,SEK,0.074452,0.077052,0.075752,0.0026,7.4452,7.7052,100,2026-05-27,Island
2026-05-27T15:04:49+00:00,DNB,ILS/SEK,ILS,SEK,3.2455,3.3055,3.2755,0.06,3.2455,3.3055,1,2026-05-27,Israel
2026-05-27T15:04:49+00:00,DNB,CAD/SEK,CAD,SEK,6.6687,6.7587,6.7137,0.09,6.6687,6.7587,1,2026-05-27,Kanada
2026-05-27T15:04:49+00:00,DNB,KES/SEK,KES,SEK,0.070559,0.073559,0.072059,0.003,7.0559,7.3559,100,2026-05-27,Kenya
2026-05-27T15:04:49+00:00,DNB,CNH/SEK,CNH,SEK,1.3529,1.3829,1.3679,0.03,135.29,138.29,100,2026-05-27,Kina
2026-05-27T15:04:49+00:00,DNB,CNY/SEK,CNY,SEK,1.3537000000000001,1.3837000000000002,1.3687,0.03,135.37,138.37,100,2026-05-27,Kina
2026-05-27T15:04:49+00:00,DNB,KWD/SEK,KWD,SEK,30.0974,30.5974,30.3474,0.5,30.0974,30.5974,1,2026-05-27,Kuwait
2026-05-27T15:04:49+00:00,DNB,MAD/SEK,MAD,SEK,0.9902,1.0342,1.0122,0.044,99.02,103.42,100,2026-05-27,Marocko
2026-05-27T15:04:49+00:00,DNB,MXN/SEK,MXN,SEK,0.5297,0.5437,0.5367,0.014,52.97,54.37,100,2026-05-27,Mexiko
2026-05-27T15:04:49+00:00,DNB,NZD/SEK,NZD,SEK,5.4092,5.4912,5.4502,0.082,5.4092,5.4912,1,2026-05-27,Nya Zeeland
2026-05-27T15:04:49+00:00,DNB,OMR/SEK,OMR,SEK,23.93,24.33,24.13,0.4,23.93,24.33,1,2026-05-27,Oman
2026-05-27T15:04:49+00:00,DNB,PKR/SEK,PKR,SEK,0.0326,0.0342,0.0334,0.0016,0.0326,0.0342,1,2026-05-27,Pakistan
2026-05-27T15:04:49+00:00,DNB,PLN/SEK,PLN,SEK,2.5277000000000003,2.5726999999999998,2.5502,0.045,252.77,257.27,100,2026-05-27,Polen
2026-05-27T15:04:49+00:00,DNB,QAR/SEK,QAR,SEK,2.5262,2.5702,2.5482,0.044,2.5262,2.5702,1,2026-05-27,Qatar
2026-05-27T15:04:49+00:00,DNB,RON/SEK,RON,SEK,2.0388,2.0908,2.0648,0.052,203.88,209.08,100,2026-05-27,Rum‰nien
2026-05-27T15:04:49+00:00,DNB,SAR/SEK,SAR,SEK,2.4527,2.4927,2.4727,0.04,2.4527,2.4927,1,2026-05-27,Saudiarabien
2026-05-27T15:04:49+00:00,DNB,SGD/SEK,SGD,SEK,7.2125,7.2965,7.2545,0.084,7.2125,7.2965,1,2026-05-27,Singapore
2026-05-27T15:04:49+00:00,DNB,LKR/SEK,LKR,SEK,0.0278,0.0294,0.0286,0.0016,2.78,2.94,100,2026-05-27,Sri Lanka
2026-05-27T15:04:49+00:00,DNB,ZAR/SEK,ZAR,SEK,0.5534,0.5794,0.5664,0.026,0.5534,0.5794,1,2026-05-27,Sydafrika
2026-05-27T15:04:49+00:00,DNB,KRW/SEK,KRW,SEK,0.006087,0.006287,0.006187,0.0002,0.6087,0.6287,100,2026-05-27,Sydkorea
2026-05-27T15:04:49+00:00,DNB,TZS/SEK,TZS,SEK,0.003503,0.003643,0.003573,0.00014,0.3503,0.3643,100,2026-05-27,Tanzania
2026-05-27T15:04:49+00:00,DNB,THB/SEK,THB,SEK,0.2812,0.2882,0.2847,0.007,28.12,28.82,100,2026-05-27,Thailand
2026-05-27T15:04:49+00:00,DNB,CZK/SEK,CZK,SEK,0.44189999999999996,0.4485,0.4452,0.0066,44.19,44.85,100,2026-05-27,Tjeckien
2026-05-27T15:04:49+00:00,DNB,TND/SEK,TND,SEK,3.1806,3.2806,3.2306,0.1,3.1806,3.2806,1,2026-05-27,Tunisien
2026-05-27T15:04:49+00:00,DNB,TRY/SEK,TRY,SEK,0.1972,0.2072,0.2022,0.01,19.72,20.72,100,2026-05-27,Turkiet
2026-05-27T15:04:49+00:00,DNB,HUF/SEK,HUF,SEK,0.030055000000000002,0.030754999999999998,0.030405,0.0007,3.0055,3.0755,100,2026-05-27,Ungern
2026-05-27T15:04:49+00:00,Nordea,AED/SEK,AED,SEK,2.4813,2.5502,2.51575,0.0689,2.4813,2.5502,1,2026-05-27,
2026-05-27T15:04:49+00:00,Nordea,AUD/SEK,AUD,SEK,6.5286,6.658,6.5933,0.1294,6.5286,6.658,1,2026-05-27,
2026-05-27T15:04:49+00:00,Nordea,BDT/SEK,BDT,SEK,0.072885,0.077722,0.075303,0.004837,0.072885,0.077722,1,2026-05-27,
2026-05-27T15:04:49+00:00,Nordea,BHD/SEK,BHD,SEK,24.1692,24.8433,24.50625,0.6741,24.1692,24.8433,1,2026-05-27,
2026-05-27T15:04:49+00:00,Nordea,CAD/SEK,CAD,SEK,6.6165,6.7476,6.68205,0.1311,6.6165,6.7476,1,2026-05-27,
2026-05-27T15:04:49+00:00,Nordea,CHF/SEK,CHF,SEK,11.6563,11.8875,11.7719,0.2312,11.6563,11.8875,1,2026-05-27,
2026-05-27T15:04:49+00:00,Nordea,CNH/SEK,CNH,SEK,1.3445,1.3815,1.363,0.037,1.3445,1.3815,1,2026-05-27,
2026-05-27T15:04:49+00:00,Nordea,CNY/SEK,CNY,SEK,1.3351,1.39046,1.36278,0.05536,1.3351,1.39046,1,2026-05-27,
2026-05-27T15:04:49+00:00,Nordea,CZK/SEK,CZK,SEK,0.43887,0.44774,0.443305,0.00887,0.43887,0.44774,1,2026-05-27,
2026-05-27T15:04:49+00:00,Nordea,DKK/SEK,DKK,SEK,1.42609,1.45441,1.44025,0.02832,1.42609,1.45441,1,2026-05-27,
2026-05-27T15:04:49+00:00,Nordea,EGP/SEK,EGP,SEK,0.1715,0.1823,0.1769,0.0108,0.1715,0.1823,1,2026-05-27,
2026-05-27T15:04:49+00:00,Nordea,EUR/SEK,EUR,SEK,10.662,10.8735,10.76775,0.2115,10.662,10.8735,1,2026-05-27,
2026-05-27T15:04:49+00:00,Nordea,GBP/SEK,GBP,SEK,12.3033,12.547,12.42515,0.2437,12.3033,12.547,1,2026-05-27,
2026-05-27T15:04:49+00:00,Nordea,GIP/SEK,GIP,SEK,12.296116,12.5541,12.425108,0.257984,12.296116,12.5541,1,2026-05-27,
2026-05-27T15:04:49+00:00,Nordea,HKD/SEK,HKD,SEK,1.16357,1.19553,1.17955,0.03196,1.16357,1.19553,1,2026-05-27,
2026-05-27T15:04:49+00:00,Nordea,HUF/SEK,HUF,SEK,0.03004,0.030652,0.030346,0.000612,0.03004,0.030652,1,2026-05-27,
2026-05-27T15:04:49+00:00,Nordea,IDR/SEK,IDR,SEK,0.0005088,0.00053,0.000519,2.1e-05,0.0005088,0.00053,1,2026-05-27,
2026-05-27T15:04:49+00:00,Nordea,ILS/SEK,ILS,SEK,3.2188,3.3084,3.2636,0.0896,3.2188,3.3084,1,2026-05-27,
2026-05-27T15:04:49+00:00,Nordea,INR/SEK,INR,SEK,0.0946,0.09849,0.096545,0.00389,0.0946,0.09849,1,2026-05-27,
2026-05-27T15:04:49+00:00,Nordea,ISK/SEK,ISK,SEK,0.0735,0.0766,0.07505,0.0031,0.0735,0.0766,1,2026-05-27,
2026-05-27T15:04:49+00:00,Nordea,JPY/SEK,JPY,SEK,0.057402,0.058539,0.057971,0.001137,0.057402,0.058539,1,2026-05-27,
2026-05-27T15:04:49+00:00,Nordea,KES/SEK,KES,SEK,0.0698,0.073,0.0714,0.0032,0.0698,0.073,1,2026-05-27,
2026-05-27T15:04:49+00:00,Nordea,KRW/SEK,KRW,SEK,0.006059,0.006283,0.006171,0.000224,0.006059,0.006283,1,2026-05-27,
2026-05-27T15:04:49+00:00,Nordea,KWD/SEK,KWD,SEK,29.4209,30.2674,29.84415,0.8465,29.4209,30.2674,1,2026-05-27,
2026-05-27T15:04:49+00:00,Nordea,KZT/SEK,KZT,SEK,0.018859,0.019674,0.019266,0.000815,0.018859,0.019674,1,2026-05-27,
2026-05-27T15:04:49+00:00,Nordea,LKR/SEK,LKR,SEK,0.027448,0.029149,0.028299,0.001701,0.027448,0.029149,1,2026-05-27,
2026-05-27T15:04:49+00:00,Nordea,MAD/SEK,MAD,SEK,0.9853,1.028,1.00665,0.0427,0.9853,1.028,1,2026-05-27,
2026-05-27T15:04:49+00:00,Nordea,MXN/SEK,MXN,SEK,0.52639,0.54089,0.53364,0.0145,0.52639,0.54089,1,2026-05-27,
2026-05-27T15:04:49+00:00,Nordea,MYR/SEK,MYR,SEK,2.3036,2.3559,2.32975,0.0523,2.3036,2.3559,1,2026-05-27,
2026-05-27T15:04:49+00:00,Nordea,NOK/SEK,NOK,SEK,0.9874,1.00699,0.997195,0.01959,0.9874,1.00699,1,2026-05-27,
2026-05-27T15:04:49+00:00,Nordea,NZD/SEK,NZD,SEK,5.3999,5.5072,5.45355,0.1073,5.3999,5.5072,1,2026-05-27,
2026-05-27T15:04:49+00:00,Nordea,PEN/SEK,PEN,SEK,2.643158,2.753296,2.698227,0.110138,2.643158,2.753296,1,2026-05-27,
2026-05-27T15:04:49+00:00,Nordea,PHP/SEK,PHP,SEK,0.147,0.1532,0.1501,0.0062,0.147,0.1532,1,2026-05-27,
2026-05-27T15:04:49+00:00,Nordea,PKR/SEK,PKR,SEK,0.0321,0.0342,0.03315,0.0021,0.0321,0.0342,1,2026-05-27,
2026-05-27T15:04:49+00:00,Nordea,PLN/SEK,PLN,SEK,2.51653,2.56665,2.54159,0.05012,2.51653,2.56665,1,2026-05-27,
2026-05-27T15:04:49+00:00,Nordea,QAR/SEK,QAR,SEK,2.4826,2.5858,2.5342,0.1032,2.4826,2.5858,1,2026-05-27,
2026-05-27T15:04:49+00:00,Nordea,RON/SEK,RON,SEK,2.033,2.0747,2.05385,0.0417,2.033,2.0747,1,2026-05-27,
2026-05-27T15:04:49+00:00,Nordea,RSD/SEK,RSD,SEK,0.089725,0.093576,0.09165,0.003851,0.089725,0.093576,1,2026-05-27,
2026-05-27T15:04:49+00:00,Nordea,SAR/SEK,SAR,SEK,2.4282,2.4956,2.4619,0.0674,2.4282,2.4956,1,2026-05-27,
2026-05-27T15:04:49+00:00,Nordea,SGD/SEK,SGD,SEK,7.1657,7.3077,7.2367,0.142,7.1657,7.3077,1,2026-05-27,
2026-05-27T15:04:49+00:00,Nordea,THB/SEK,THB,SEK,0.27944,0.28713,0.283285,0.00769,0.27944,0.28713,1,2026-05-27,
2026-05-27T15:04:49+00:00,Nordea,TND/SEK,TND,SEK,3.1114,3.2669,3.18915,0.1555,3.1114,3.2669,1,2026-05-27,
2026-05-27T15:04:49+00:00,Nordea,TRY/SEK,TRY,SEK,0.1973,0.2054,0.20135,0.0081,0.1973,0.2054,1,2026-05-27,
2026-05-27T15:04:49+00:00,Nordea,USD/SEK,USD,SEK,9.1505,9.3315,9.241,0.181,9.1505,9.3315,1,2026-05-27,
2026-05-27T15:04:49+00:00,Nordea,ZAR/SEK,ZAR,SEK,0.55928,0.57104,0.56516,0.01176,0.55928,0.57104,1,2026-05-27,
2026-05-27T15:04:49+00:00,SEB,AUD/SEK,AUD,SEK,6.582,6.662,6.622,0.08,6.582,6.662,1,2026-05-27,Australien
2026-05-27T15:04:49+00:00,SEB,DKK/SEK,DKK,SEK,1.437555,1.453555,1.445555,0.016,1.437555,1.453555,1,2026-05-27,Danmark
2026-05-27T15:04:49+00:00,SEB,EUR/SEK,EUR,SEK,10.73185,10.87185,10.80185,0.14,10.73185,10.87185,1,2026-05-27,Euro
2026-05-27T15:04:49+00:00,SEB,HKD/SEK,HKD,SEK,1.1709,1.1971,1.184,0.0262,1.1709,1.1971,1,2026-05-27,Hongkong
2026-05-27T15:04:49+00:00,SEB,INR/SEK,INR,SEK,0.093751,0.099951,0.096851,0.0062,0.093751,0.099951,1,2026-05-27,Indien
2026-05-27T15:04:49+00:00,SEB,IDR/SEK,IDR,SEK,0.000508,0.000541,0.000525,3.3e-05,0.000508,0.000541,1,2026-05-27,Indonesien
2026-05-27T15:04:49+00:00,SEB,ISK/SEK,ISK,SEK,0.075262,0.075602,0.075432,0.00034,0.075262,0.075602,1,2026-05-27,Island
2026-05-27T15:04:49+00:00,SEB,JPY/SEK,JPY,SEK,0.057735,0.058676,0.058206,0.000941,0.057735,0.058676,1,2026-05-27,Japan
2026-05-27T15:04:49+00:00,SEB,CAD/SEK,CAD,SEK,6.6674,6.7535,6.71045,0.0861,6.6674,6.7535,1,2026-05-27,Kanada
2026-05-27T15:04:49+00:00,SEB,CNY/SEK,CNY,SEK,1.3578,1.3778,1.3678,0.02,1.3578,1.3778,1,2026-05-27,Kina
2026-05-27T15:04:49+00:00,SEB,HRK/SEK,HRK,SEK,1.42365,1.443651,1.433651,0.020001,1.42365,1.443651,1,2026-12-11,Kroatien
2026-05-27T15:04:49+00:00,SEB,MYR/SEK,MYR,SEK,2.323625,2.353626,2.338626,0.030001,2.323625,2.353626,1,2026-05-27,Malaysia
2026-05-27T15:04:49+00:00,SEB,MAD/SEK,MAD,SEK,0.9917,1.0263,1.009,0.0346,0.9917,1.0263,1,2026-05-27,Marocko
2026-05-27T15:04:49+00:00,SEB,MXN/SEK,MXN,SEK,0.529,0.5431,0.53605,0.0141,0.529,0.5431,1,2026-05-27,Mexiko
2026-05-27T15:04:49+00:00,SEB,NOK/SEK,NOK,SEK,0.998005,1.011005,1.004505,0.013,0.998005,1.011005,1,2026-05-27,Norge
2026-05-27T15:04:49+00:00,SEB,NZD/SEK,NZD,SEK,5.4098,5.4918,5.4508,0.082,5.4098,5.4918,1,2026-05-27,Nya Zeeland
2026-05-27T15:04:49+00:00,SEB,PLN/SEK,PLN,SEK,2.5281,2.5682,2.54815,0.0401,2.5281,2.5682,1,2026-05-27,Polen
2026-05-27T15:04:49+00:00,SEB,RUB/SEK,RUB,SEK,0.128245,0.132625,0.130435,0.00438,0.128245,0.132625,1,2026-05-27,Ryssland
2026-05-27T15:04:49+00:00,SEB,SAR/SEK,SAR,SEK,2.4392,2.5034,2.4713,0.0642,2.4392,2.5034,1,2026-05-27,Saudiarabien
2026-05-27T15:04:49+00:00,SEB,CHF/SEK,CHF,SEK,11.75285,11.86485,11.80885,0.112,11.75285,11.86485,1,2026-05-27,Schweiz
2026-05-27T15:04:49+00:00,SEB,SGD/SEK,SGD,SEK,7.2267,7.2981,7.2624,0.0714,7.2267,7.2981,1,2026-05-27,Singapore
2026-05-27T15:04:49+00:00,SEB,GBP/SEK,GBP,SEK,12.4069,12.5469,12.4769,0.14,12.4069,12.5469,1,2026-05-27,Storbritannien
2026-05-27T15:04:49+00:00,SEB,ZAR/SEK,ZAR,SEK,0.5581,0.5761,0.5671,0.018,0.5581,0.5761,1,2026-05-27,Sydafrika
2026-05-27T15:04:49+00:00,SEB,KRW/SEK,KRW,SEK,0.006087,0.006259,0.006173,0.000172,0.006087,0.006259,1,2026-05-27,Sydkorea
2026-05-27T15:04:49+00:00,SEB,THB/SEK,THB,SEK,0.2819,0.2878,0.28485,0.0059,0.2819,0.2878,1,2026-05-27,Thailand
2026-05-27T15:04:49+00:00,SEB,CZK/SEK,CZK,SEK,0.441705,0.448305,0.445005,0.0066,0.441705,0.448305,1,2026-05-27,Tjeckien
2026-05-27T15:04:49+00:00,SEB,TRY/SEK,TRY,SEK,0.1676,0.2365,0.20205,0.0689,0.1676,0.2365,1,2026-05-27,Turkiet
2026-05-27T15:04:49+00:00,SEB,HUF/SEK,HUF,SEK,0.030028,0.030789,0.030408,0.000761,0.030028,0.030789,1,2026-05-27,Ungern
2026-05-27T15:04:49+00:00,SEB,USD/SEK,USD,SEK,9.2086,9.3437,9.27615,0.1351,9.2086,9.3437,1,2026-05-27,USA
2026-05-27T15:04:49+00:00,Danske Bank,AUD/SEK,AUD,SEK,6.5635,6.6518,6.60765,0.0883,6.5635,6.6518,1,11:59:59,Australiensiska dollar
2026-05-27T15:04:49+00:00,Danske Bank,BRL/SEK,BRL,SEK,1.7878,1.8889,1.83835,0.1011,1.7878,1.8889,1,11:59:59,Brasilianska real
2026-05-27T15:04:49+00:00,Danske Bank,CAD/SEK,CAD,SEK,6.6482,6.7361,6.69215,0.0879,6.6482,6.7361,1,11:59:59,Kanadensiska dollar
2026-05-27T15:04:49+00:00,Danske Bank,CHF/SEK,CHF,SEK,11.7061,11.8419,11.774,0.1358,11.7061,11.8419,1,11:59:59,Schweiziska franc
2026-05-27T15:04:49+00:00,Danske Bank,CNY/SEK,CNY,SEK,1.3489,1.3796,1.36425,0.0307,1.3489,1.3796,1,11:59:59,Kinesiska yuan
2026-05-27T15:04:49+00:00,Danske Bank,CZK/SEK,CZK,SEK,0.43919,0.44853,0.44386,0.00934,0.43919,0.44853,1,11:59:59,Tjeckiska koruna
2026-05-27T15:04:49+00:00,Danske Bank,DKK/SEK,DKK,SEK,1.4334,1.45,1.4417,0.0166,1.4334,1.45,1,11:59:59,Danska kronor
2026-05-27T15:04:49+00:00,Danske Bank,EUR/SEK,EUR,SEK,10.7062,10.8398,10.773,0.1336,10.7062,10.8398,1,11:59:59,Euro
2026-05-27T15:04:49+00:00,Danske Bank,GBP/SEK,GBP,SEK,12.3663,12.5117,12.439,0.1454,12.3663,12.5117,1,11:59:59,Pound sterling
2026-05-27T15:04:49+00:00,Danske Bank,HKD/SEK,HKD,SEK,1.1686,1.1931,1.18085,0.0245,1.1686,1.1931,1,11:59:59,Hong Kong dollar
2026-05-27T15:04:49+00:00,Danske Bank,HUF/SEK,HUF,SEK,0.029855,0.030881,0.030368,0.001026,0.029855,0.030881,1,11:59:59,Ungerska forint
2026-05-27T15:04:49+00:00,Danske Bank,ILS/SEK,ILS,SEK,3.1821,3.3408,3.26145,0.1587,3.1821,3.3408,1,11:59:59,Israelska new shekel
2026-05-27T15:04:49+00:00,Danske Bank,INR/SEK,INR,SEK,0.093353,0.099998,0.0966755,0.006645,0.093353,0.099998,1,11:59:59,Indiska rupees
2026-05-27T15:04:49+00:00,Danske Bank,JPY/SEK,JPY,SEK,0.057541,0.058566,0.0580535,0.001025,0.057541,0.058566,1,11:59:59,Japanska yen
2026-05-27T15:04:49+00:00,Danske Bank,NOK/SEK,NOK,SEK,0.9886,1.0034,0.996,0.0148,0.9886,1.0034,1,11:59:59,Norska kronor
2026-05-27T15:04:49+00:00,Danske Bank,NZD/SEK,NZD,SEK,5.3995,5.4879,5.4437,0.0884,5.3995,5.4879,1,11:59:59,Nya Zeeländska dollar
2026-05-27T15:04:49+00:00,Danske Bank,PLN/SEK,PLN,SEK,2.5127,2.5744,2.54355,0.0617,2.5127,2.5744,1,11:59:59,Polska zloty
2026-05-27T15:04:49+00:00,Danske Bank,SGD/SEK,SGD,SEK,7.204,7.2873,7.24565,0.0833,7.204,7.2873,1,11:59:59,Singapore dollar
2026-05-27T15:04:49+00:00,Danske Bank,THB/SEK,THB,SEK,0.27759,0.2908,0.284195,0.01321,0.27759,0.2908,1,11:59:59,Thailändska baht
2026-05-27T15:04:49+00:00,Danske Bank,TRY/SEK,TRY,SEK,0.18348,0.21959,0.201535,0.03611,0.18348,0.21959,1,11:59:59,Turkiska lira
2026-05-27T15:04:49+00:00,Danske Bank,USD/SEK,USD,SEK,9.1847,9.318,9.25135,0.1333,9.1847,9.318,1,11:59:59,Amerikanska dollar
2026-05-27T15:04:49+00:00,Danske Bank,ZAR/SEK,ZAR,SEK,0.55637,0.57682,0.566595,0.02045,0.55637,0.57682,1,11:59:59,Sydafrikanska rand
2026-05-27T15:04:49+00:00,Handelsbanken,EUR/SEK,EUR,SEK,,,10.7792,,10.7779,10.7805,1,,EUR/SEK Spot
2026-05-27T15:04:49+00:00,Handelsbanken,USD/SEK,USD,SEK,,,9.2564,,9.2556,9.2573,1,,USD/SEK Spot
2026-05-27T15:04:49+00:00,Handelsbanken,GBP/SEK,GBP,SEK,,,12.4467,,12.4417,12.4517,1,,GBP/SEK Spot
2026-05-27T15:04:49+00:00,Handelsbanken,JPY/SEK,JPY,SEK,,,5.804,,5.799,5.809,1,,JPY/SEK Spot
2026-05-27T15:04:49+00:00,Handelsbanken,CHF/SEK,CHF,SEK,,,11.7842,,11.7792,11.7892,1,,CHF/SEK Spot
2026-05-27T15:04:49+00:00,Handelsbanken,NOK/SEK,NOK,SEK,,,0.9989,,0.9984,0.9994,1,,NOK/SEK Spot
2026-05-27T15:04:49+00:00,Handelsbanken,DKK/SEK,DKK,SEK,,,1.4425,,1.442,1.443,1,,DKK/SEK Spot
2026-05-27T15:04:49+00:00,Handelsbanken,CAD/SEK,CAD,SEK,,,6.6935,,6.6885,6.6985,1,,CAD/SEK Spot
2026-05-27T15:04:49+00:00,Handelsbanken,AUD/SEK,AUD,SEK,,,6.603,,6.6025,6.6035,1,,AUD/SEK Spot
2026-05-27T15:04:49+00:00,Handelsbanken,NZD/SEK,NZD,SEK,,,5.4599,,5.4594,5.4604,1,,NZD/SEK Spot
2026-05-28T15:41:58+00:00,DNB,NOK/SEK,NOK,SEK,0.9953,1.0093,1.0023,0.014,99.53,100.93,100,2026-05-28,Norge
2026-05-28T15:41:58+00:00,DNB,USD/SEK,USD,SEK,9.2526,9.3586,9.3056,0.106,9.2526,9.3586,1,2026-05-28,USA
2026-05-28T15:41:58+00:00,DNB,EUR/SEK,EUR,SEK,10.7435,10.8685,10.806,0.125,10.7435,10.8685,1,2026-05-28,Europeiska unionen
2026-05-28T15:41:58+00:00,DNB,DKK/SEK,DKK,SEK,1.4388999999999998,1.4539,1.4464,0.015,143.89,145.39,100,2026-05-28,Danmark
2026-05-28T15:41:58+00:00,DNB,GBP/SEK,GBP,SEK,12.3999,12.5459,12.4729,0.146,12.3999,12.5459,1,2026-05-28,Storbritannien
2026-05-28T15:41:58+00:00,DNB,CHF/SEK,CHF,SEK,11.7599,11.8719,11.8159,0.112,1175.99,1187.19,100,2026-05-28,Schweiz
2026-05-28T15:41:58+00:00,DNB,JPY/SEK,JPY,SEK,0.057839999999999996,0.05884,0.05834,0.001,5.784,5.884,100,2026-05-28,Japan
2026-05-28T15:41:58+00:00,DNB,AED/SEK,AED,SEK,2.5127,2.5567,2.5347,0.044,2.5127,2.5567,1,2026-05-28,Arabemirater
2026-05-28T15:41:58+00:00,DNB,AUD/SEK,AUD,SEK,6.5868,6.6718,6.6293,0.085,6.5868,6.6718,1,2026-05-28,Australien
2026-05-28T15:41:58+00:00,DNB,BHD/SEK,BHD,SEK,24.5128,24.9128,24.7128,0.4,24.5128,24.9128,1,2026-05-28,Bahrain
2026-05-28T15:41:58+00:00,DNB,BWP/SEK,BWP,SEK,0.7132,0.7432,0.7282,0.03,0.7132,0.7432,1,2026-05-28,Botswana
2026-05-28T15:41:58+00:00,DNB,PHP/SEK,PHP,SEK,0.1485,0.1539,0.1512,0.0054,14.85,15.39,100,2026-05-28,Filippinerna
2026-05-28T15:41:58+00:00,DNB,HKD/SEK,HKD,SEK,1.176,1.2,1.188,0.024,1.176,1.2,1,2026-05-28,Hong Kong
2026-05-28T15:41:58+00:00,DNB,INR/SEK,INR,SEK,0.0952,0.0996,0.0974,0.0044,0.0952,0.0996,1,2026-05-28,Indien
2026-05-28T15:41:58+00:00,DNB,IDR/SEK,IDR,SEK,0.000512,0.000536,0.000524,2.4e-05,0.0512,0.0536,100,2026-05-28,Indonesien
2026-05-28T15:41:58+00:00,DNB,ISK/SEK,ISK,SEK,0.074474,0.077074,0.075774,0.0026,7.4474,7.7074,100,2026-05-28,Island
2026-05-28T15:41:58+00:00,DNB,ILS/SEK,ILS,SEK,3.2695,3.3295,3.2995,0.06,3.2695,3.3295,1,2026-05-28,Israel
2026-05-28T15:41:58+00:00,DNB,CAD/SEK,CAD,SEK,6.6741,6.7641,6.7191,0.09,6.6741,6.7641,1,2026-05-28,Kanada
2026-05-28T15:41:58+00:00,DNB,KES/SEK,KES,SEK,0.070837,0.073837,0.072337,0.003,7.0837,7.3837,100,2026-05-28,Kenya
2026-05-28T15:41:58+00:00,DNB,CNH/SEK,CNH,SEK,1.3571,1.3871,1.3721,0.03,135.71,138.71,100,2026-05-28,Kina
2026-05-28T15:41:58+00:00,DNB,CNY/SEK,CNY,SEK,1.358,1.3880000000000001,1.373,0.03,135.8,138.8,100,2026-05-28,Kina
2026-05-28T15:41:58+00:00,DNB,KWD/SEK,KWD,SEK,30.1907,30.6907,30.4407,0.5,30.1907,30.6907,1,2026-05-28,Kuwait
2026-05-28T15:41:58+00:00,DNB,MAD/SEK,MAD,SEK,0.9934999999999999,1.0375,1.0155,0.044,99.35,103.75,100,2026-05-28,Marocko
2026-05-28T15:41:58+00:00,DNB,MXN/SEK,MXN,SEK,0.5285,0.5425,0.5355,0.014,52.85,54.25,100,2026-05-28,Mexiko
2026-05-28T15:41:58+00:00,DNB,NZD/SEK,NZD,SEK,5.4389,5.5209,5.4799,0.082,5.4389,5.5209,1,2026-05-28,Nya Zeeland
2026-05-28T15:41:58+00:00,DNB,OMR/SEK,OMR,SEK,24.0,24.4,24.2,0.4,24.0,24.4,1,2026-05-28,Oman
2026-05-28T15:41:58+00:00,DNB,PKR/SEK,PKR,SEK,0.0327,0.0343,0.0335,0.0016,0.0327,0.0343,1,2026-05-28,Pakistan
2026-05-28T15:41:58+00:00,DNB,PLN/SEK,PLN,SEK,2.5306,2.5756,2.5531,0.045,253.06,257.56,100,2026-05-28,Polen
2026-05-28T15:41:58+00:00,DNB,QAR/SEK,QAR,SEK,2.5352,2.5792,2.5572,0.044,2.5352,2.5792,1,2026-05-28,Qatar
2026-05-28T15:41:58+00:00,DNB,RON/SEK,RON,SEK,2.0378,2.0898,2.0638,0.052,203.78,208.98,100,2026-05-28,Rum‰nien
2026-05-28T15:41:58+00:00,DNB,SAR/SEK,SAR,SEK,2.4603,2.5003,2.4803,0.04,2.4603,2.5003,1,2026-05-28,Saudiarabien
2026-05-28T15:41:58+00:00,DNB,SGD/SEK,SGD,SEK,7.2337,7.3177,7.2757,0.084,7.2337,7.3177,1,2026-05-28,Singapore
2026-05-28T15:41:58+00:00,DNB,LKR/SEK,LKR,SEK,0.0276,0.0292,0.0284,0.0016,2.76,2.92,100,2026-05-28,Sri Lanka
2026-05-28T15:41:58+00:00,DNB,ZAR/SEK,ZAR,SEK,0.5526,0.5786,0.5656,0.026,0.5526,0.5786,1,2026-05-28,Sydafrika
2026-05-28T15:41:58+00:00,DNB,KRW/SEK,KRW,SEK,0.006096000000000001,0.006296,0.006196,0.0002,0.6096,0.6296,100,2026-05-28,Sydkorea
2026-05-28T15:41:58+00:00,DNB,TZS/SEK,TZS,SEK,0.0034960000000000004,0.003636,0.003566,0.00014,0.3496,0.3636,100,2026-05-28,Tanzania
2026-05-28T15:41:58+00:00,DNB,THB/SEK,THB,SEK,0.2814,0.2884,0.2849,0.007,28.14,28.84,100,2026-05-28,Thailand
2026-05-28T15:41:58+00:00,DNB,CZK/SEK,CZK,SEK,0.4414,0.44799999999999995,0.4447,0.0066,44.14,44.8,100,2026-05-28,Tjeckien
2026-05-28T15:41:58+00:00,DNB,TND/SEK,TND,SEK,3.1824,3.2824,3.2324,0.1,3.1824,3.2824,1,2026-05-28,Tunisien
2026-05-28T15:41:58+00:00,DNB,TRY/SEK,TRY,SEK,0.1978,0.2078,0.2028,0.01,19.78,20.78,100,2026-05-28,Turkiet
2026-05-28T15:41:58+00:00,DNB,HUF/SEK,HUF,SEK,0.03007,0.03077,0.03042,0.0007,3.007,3.077,100,2026-05-28,Ungern
2026-05-28T15:41:58+00:00,Nordea,AED/SEK,AED,SEK,2.4861,2.5547,2.5204,0.0686,2.4861,2.5547,1,2026-05-28,
2026-05-28T15:41:58+00:00,Nordea,AUD/SEK,AUD,SEK,6.5632,6.6935,6.62835,0.1303,6.5632,6.6935,1,2026-05-28,
2026-05-28T15:41:58+00:00,Nordea,BDT/SEK,BDT,SEK,0.073057,0.077907,0.075482,0.00485,0.073057,0.077907,1,2026-05-28,
2026-05-28T15:41:58+00:00,Nordea,BHD/SEK,BHD,SEK,24.2185,24.8941,24.5563,0.6756,24.2185,24.8941,1,2026-05-28,
2026-05-28T15:41:58+00:00,Nordea,CAD/SEK,CAD,SEK,6.6416,6.7735,6.70755,0.1319,6.6416,6.7735,1,2026-05-28,
2026-05-28T15:41:58+00:00,Nordea,CHF/SEK,CHF,SEK,11.6882,11.9203,11.80425,0.2321,11.6882,11.9203,1,2026-05-28,
2026-05-28T15:41:58+00:00,Nordea,CNH/SEK,CNH,SEK,1.3482,1.3853,1.36675,0.0371,1.3482,1.3853,1,2026-05-28,
2026-05-28T15:41:58+00:00,Nordea,CNY/SEK,CNY,SEK,1.33868,1.39389,1.366285,0.05521,1.33868,1.39389,1,2026-05-28,
2026-05-28T15:41:58+00:00,Nordea,CZK/SEK,CZK,SEK,0.43982,0.44872,0.44427,0.0089,0.43982,0.44872,1,2026-05-28,
2026-05-28T15:41:58+00:00,Nordea,DKK/SEK,DKK,SEK,1.42931,1.45772,1.443515,0.02841,1.42931,1.45772,1,2026-05-28,
2026-05-28T15:41:58+00:00,Nordea,EGP/SEK,EGP,SEK,0.1718,0.1827,0.17725,0.0109,0.1718,0.1827,1,2026-05-28,
2026-05-28T15:41:58+00:00,Nordea,EUR/SEK,EUR,SEK,10.7155,10.928,10.82175,0.2125,10.7155,10.928,1,2026-05-28,
2026-05-28T15:41:58+00:00,Nordea,GBP/SEK,GBP,SEK,12.3169,12.5613,12.4391,0.2444,12.3169,12.5613,1,2026-05-28,
2026-05-28T15:41:58+00:00,Nordea,GIP/SEK,GIP,SEK,12.309746,12.568353,12.439049,0.258607,12.309746,12.568353,1,2026-05-28,
2026-05-28T15:41:58+00:00,Nordea,HKD/SEK,HKD,SEK,1.16564,1.19769,1.181665,0.03205,1.16564,1.19769,1,2026-05-28,
2026-05-28T15:41:58+00:00,Nordea,HUF/SEK,HUF,SEK,0.030147,0.030768,0.030457,0.000621,0.030147,0.030768,1,2026-05-28,
2026-05-28T15:41:58+00:00,Nordea,IDR/SEK,IDR,SEK,0.0005098,0.000531,0.00052,2.1e-05,0.0005098,0.000531,1,2026-05-28,
2026-05-28T15:41:58+00:00,Nordea,ILS/SEK,ILS,SEK,3.2377,3.3287,3.2832,0.091,3.2377,3.3287,1,2026-05-28,
2026-05-28T15:41:58+00:00,Nordea,INR/SEK,INR,SEK,0.0948,0.09869,0.096745,0.00389,0.0948,0.09869,1,2026-05-28,
2026-05-28T15:41:58+00:00,Nordea,ISK/SEK,ISK,SEK,0.0738,0.0769,0.07535,0.0031,0.0738,0.0769,1,2026-05-28,
2026-05-28T15:41:58+00:00,Nordea,JPY/SEK,JPY,SEK,0.057559,0.058701,0.05813,0.001142,0.057559,0.058701,1,2026-05-28,
2026-05-28T15:41:58+00:00,Nordea,KES/SEK,KES,SEK,0.07,0.0731,0.07155,0.0031,0.07,0.0731,1,2026-05-28,
2026-05-28T15:41:58+00:00,Nordea,KRW/SEK,KRW,SEK,0.00608,0.006305,0.006193,0.000225,0.00608,0.006305,1,2026-05-28,
2026-05-28T15:41:58+00:00,Nordea,KWD/SEK,KWD,SEK,29.4681,30.3362,29.90215,0.8681,29.4681,30.3362,1,2026-05-28,
2026-05-28T15:41:58+00:00,Nordea,KZT/SEK,KZT,SEK,0.01873,0.019528,0.019129,0.000798,0.01873,0.019528,1,2026-05-28,
2026-05-28T15:41:58+00:00,Nordea,LKR/SEK,LKR,SEK,0.027399,0.029097,0.028248,0.001698,0.027399,0.029097,1,2026-05-28,
2026-05-28T15:41:58+00:00,Nordea,MAD/SEK,MAD,SEK,0.9881,1.0315,1.0098,0.0434,0.9881,1.0315,1,2026-05-28,
2026-05-28T15:41:58+00:00,Nordea,MXN/SEK,MXN,SEK,0.52693,0.54145,0.53419,0.01452,0.52693,0.54145,1,2026-05-28,
2026-05-28T15:41:58+00:00,Nordea,MYR/SEK,MYR,SEK,2.3016,2.3518,2.3267,0.0502,2.3016,2.3518,1,2026-05-28,
2026-05-28T15:41:58+00:00,Nordea,NOK/SEK,NOK,SEK,0.9904,1.01014,1.00027,0.01974,0.9904,1.01014,1,2026-05-28,
2026-05-28T15:41:58+00:00,Nordea,NZD/SEK,NZD,SEK,5.4341,5.5423,5.4882,0.1082,5.4341,5.5423,1,2026-05-28,
2026-05-28T15:41:58+00:00,Nordea,PEN/SEK,PEN,SEK,2.656293,2.767222,2.711758,0.110929,2.656293,2.767222,1,2026-05-28,
2026-05-28T15:41:58+00:00,Nordea,PHP/SEK,PHP,SEK,0.1472,0.1533,0.15025,0.0061,0.1472,0.1533,1,2026-05-28,
2026-05-28T15:41:58+00:00,Nordea,PKR/SEK,PKR,SEK,0.0322,0.0343,0.03325,0.0021,0.0322,0.0343,1,2026-05-28,
2026-05-28T15:41:58+00:00,Nordea,PLN/SEK,PLN,SEK,2.52595,2.57643,2.55119,0.05048,2.52595,2.57643,1,2026-05-28,
2026-05-28T15:41:58+00:00,Nordea,QAR/SEK,QAR,SEK,2.4877,2.5911,2.5394,0.1034,2.4877,2.5911,1,2026-05-28,
2026-05-28T15:41:58+00:00,Nordea,RON/SEK,RON,SEK,2.0341,2.0771,2.0556,0.043,2.0341,2.0771,1,2026-05-28,
2026-05-28T15:41:58+00:00,Nordea,RSD/SEK,RSD,SEK,0.089945,0.093798,0.091871,0.003853,0.089945,0.093798,1,2026-05-28,
2026-05-28T15:41:58+00:00,Nordea,SAR/SEK,SAR,SEK,2.4329,2.5005,2.4667,0.0676,2.4329,2.5005,1,2026-05-28,
2026-05-28T15:41:58+00:00,Nordea,SGD/SEK,SGD,SEK,7.1828,7.3255,7.25415,0.1427,7.1828,7.3255,1,2026-05-28,
2026-05-28T15:41:58+00:00,Nordea,THB/SEK,THB,SEK,0.28028,0.28802,0.28415,0.00774,0.28028,0.28802,1,2026-05-28,
2026-05-28T15:41:58+00:00,Nordea,TND/SEK,TND,SEK,3.124,3.2781,3.20105,0.1541,3.124,3.2781,1,2026-05-28,
2026-05-28T15:41:58+00:00,Nordea,TRY/SEK,TRY,SEK,0.1977,0.2058,0.20175,0.0081,0.1977,0.2058,1,2026-05-28,
2026-05-28T15:41:58+00:00,Nordea,USD/SEK,USD,SEK,9.1675,9.3491,9.2583,0.1816,9.1675,9.3491,1,2026-05-28,
2026-05-28T15:41:58+00:00,Nordea,ZAR/SEK,ZAR,SEK,0.56372,0.57559,0.569655,0.01187,0.56372,0.57559,1,2026-05-28,
2026-05-28T15:41:58+00:00,SEB,AUD/SEK,AUD,SEK,6.5897,6.6698,6.62975,0.0801,6.5897,6.6698,1,2026-05-28,Australien
2026-05-28T15:41:58+00:00,SEB,DKK/SEK,DKK,SEK,1.43881,1.45481,1.44681,0.016,1.43881,1.45481,1,2026-05-28,Danmark
2026-05-28T15:41:58+00:00,SEB,EUR/SEK,EUR,SEK,10.7418,10.8818,10.8118,0.14,10.7418,10.8818,1,2026-05-28,Euro
2026-05-28T15:41:58+00:00,SEB,HKD/SEK,HKD,SEK,1.1758,1.202,1.1889,0.0262,1.1758,1.202,1,2026-05-28,Hongkong
2026-05-28T15:41:58+00:00,SEB,INR/SEK,INR,SEK,0.093803,0.100003,0.096903,0.0062,0.093803,0.100003,1,2026-05-28,Indien
2026-05-28T15:41:58+00:00,SEB,IDR/SEK,IDR,SEK,0.000509,0.000542,0.000525,3.3e-05,0.000509,0.000542,1,2026-05-28,Indonesien
2026-05-28T15:41:58+00:00,SEB,ISK/SEK,ISK,SEK,0.075332,0.075672,0.075502,0.00034,0.075332,0.075672,1,2026-05-28,Island
2026-05-28T15:41:58+00:00,SEB,JPY/SEK,JPY,SEK,0.057918,0.058858,0.058388,0.00094,0.057918,0.058858,1,2026-05-28,Japan
2026-05-28T15:41:58+00:00,SEB,CAD/SEK,CAD,SEK,6.6793,6.7653,6.7223,0.086,6.6793,6.7653,1,2026-05-28,Kanada
2026-05-28T15:41:58+00:00,SEB,CNY/SEK,CNY,SEK,1.3636,1.3836,1.3736,0.02,1.3636,1.3836,1,2026-05-28,Kina
2026-05-28T15:41:58+00:00,SEB,HRK/SEK,HRK,SEK,1.424976,1.444977,1.434976,0.020001,1.424976,1.444977,1,2026-12-11,Kroatien
2026-05-28T15:41:58+00:00,SEB,MYR/SEK,MYR,SEK,2.326252,2.356253,2.341253,0.030001,2.326252,2.356253,1,2026-05-28,Malaysia
2026-05-28T15:41:58+00:00,SEB,MAD/SEK,MAD,SEK,0.9957,1.0303,1.013,0.0346,0.9957,1.0303,1,2026-05-28,Marocko
2026-05-28T15:41:58+00:00,SEB,MXN/SEK,MXN,SEK,0.5281,0.5422,0.53515,0.0141,0.5281,0.5422,1,2026-05-28,Mexiko
2026-05-28T15:41:58+00:00,SEB,NOK/SEK,NOK,SEK,0.9947,1.0077,1.0012,0.013,0.9947,1.0077,1,2026-05-28,Norge
2026-05-28T15:41:58+00:00,SEB,NZD/SEK,NZD,SEK,5.4398,5.5219,5.48085,0.0821,5.4398,5.5219,1,2026-05-28,Nya Zeeland
2026-05-28T15:41:58+00:00,SEB,PLN/SEK,PLN,SEK,2.5327,2.5728,2.55275,0.0401,2.5327,2.5728,1,2026-05-28,Polen
2026-05-28T15:41:58+00:00,SEB,RUB/SEK,RUB,SEK,0.12844,0.13282,0.13063,0.00438,0.12844,0.13282,1,2026-05-28,Ryssland
2026-05-28T15:41:58+00:00,SEB,SAR/SEK,SAR,SEK,2.4494,2.5137,2.48155,0.0643,2.4494,2.5137,1,2026-05-28,Saudiarabien
2026-05-28T15:41:58+00:00,SEB,CHF/SEK,CHF,SEK,11.74825,11.86025,11.80425,0.112,11.74825,11.86025,1,2026-05-28,Schweiz
2026-05-28T15:41:58+00:00,SEB,SGD/SEK,SGD,SEK,7.2438,7.3152,7.2795,0.0714,7.2438,7.3152,1,2026-05-28,Singapore
2026-05-28T15:41:58+00:00,SEB,GBP/SEK,GBP,SEK,12.4085,12.5486,12.47855,0.1401,12.4085,12.5486,1,2026-05-28,Storbritannien
2026-05-28T15:41:58+00:00,SEB,ZAR/SEK,ZAR,SEK,0.5583,0.5763,0.5673,0.018,0.5583,0.5763,1,2026-05-28,Sydafrika
2026-05-28T15:41:58+00:00,SEB,KRW/SEK,KRW,SEK,0.006103,0.006276,0.00619,0.000173,0.006103,0.006276,1,2026-05-28,Sydkorea
2026-05-28T15:41:58+00:00,SEB,THB/SEK,THB,SEK,0.2821,0.2879,0.285,0.0058,0.2821,0.2879,1,2026-05-28,Thailand
2026-05-28T15:41:58+00:00,SEB,CZK/SEK,CZK,SEK,0.44164,0.44824,0.44494,0.0066,0.44164,0.44824,1,2026-05-28,Tjeckien
2026-05-28T15:41:58+00:00,SEB,TRY/SEK,TRY,SEK,0.1685,0.2373,0.2029,0.0688,0.1685,0.2373,1,2026-05-28,Turkiet
2026-05-28T15:41:58+00:00,SEB,HUF/SEK,HUF,SEK,0.030014,0.030776,0.030395,0.000762,0.030014,0.030776,1,2026-05-28,Ungern
2026-05-28T15:41:58+00:00,SEB,USD/SEK,USD,SEK,9.246,9.381,9.3135,0.135,9.246,9.381,1,2026-05-28,USA
2026-05-28T15:41:58+00:00,Danske Bank,AUD/SEK,AUD,SEK,6.5812,6.6691,6.62515,0.0879,6.5812,6.6691,1,11:59:59,Australiensiska dollar
2026-05-28T15:41:58+00:00,Danske Bank,BRL/SEK,BRL,SEK,1.7886,1.8895,1.83905,0.1009,1.7886,1.8895,1,11:59:59,Brasilianska real
2026-05-28T15:41:58+00:00,Danske Bank,CAD/SEK,CAD,SEK,6.6664,6.754,6.7102,0.0876,6.6664,6.754,1,11:59:59,Kanadensiska dollar
2026-05-28T15:41:58+00:00,Danske Bank,CHF/SEK,CHF,SEK,11.7222,11.8571,11.78965,0.1349,11.7222,11.8571,1,11:59:59,Schweiziska franc
2026-05-28T15:41:58+00:00,Danske Bank,CNY/SEK,CNY,SEK,1.357,1.3877,1.37235,0.0307,1.357,1.3877,1,11:59:59,Kinesiska yuan
2026-05-28T15:41:58+00:00,Danske Bank,CZK/SEK,CZK,SEK,0.44018,0.44946,0.44482,0.00928,0.44018,0.44946,1,11:59:59,Tjeckiska koruna
2026-05-28T15:41:58+00:00,Danske Bank,DKK/SEK,DKK,SEK,1.4377,1.4542,1.44595,0.0165,1.4377,1.4542,1,11:59:59,Danska kronor
2026-05-28T15:41:58+00:00,Danske Bank,EUR/SEK,EUR,SEK,10.7387,10.8718,10.80525,0.1331,10.7387,10.8718,1,11:59:59,Euro
2026-05-28T15:41:58+00:00,Danske Bank,GBP/SEK,GBP,SEK,12.3917,12.5361,12.4639,0.1444,12.3917,12.5361,1,11:59:59,Pound sterling
2026-05-28T15:41:58+00:00,Danske Bank,HKD/SEK,HKD,SEK,1.1756,1.2001,1.18785,0.0245,1.1756,1.2001,1,11:59:59,Hong Kong dollar
2026-05-28T15:41:58+00:00,Danske Bank,HUF/SEK,HUF,SEK,0.02989,0.030915,0.0304025,0.001025,0.02989,0.030915,1,11:59:59,Ungerska forint
2026-05-28T15:41:58+00:00,Danske Bank,ILS/SEK,ILS,SEK,3.2038,3.3623,3.28305,0.1585,3.2038,3.3623,1,11:59:59,Israelska new shekel
2026-05-28T15:41:58+00:00,Danske Bank,INR/SEK,INR,SEK,0.093903,0.100552,0.0972275,0.006649,0.093903,0.100552,1,11:59:59,Indiska rupees
2026-05-28T15:41:58+00:00,Danske Bank,JPY/SEK,JPY,SEK,0.057854,0.058876,0.058365,0.001022,0.057854,0.058876,1,11:59:59,Japanska yen
2026-05-28T15:41:58+00:00,Danske Bank,NOK/SEK,NOK,SEK,0.994,1.0088,1.0014,0.0148,0.994,1.0088,1,11:59:59,Norska kronor
2026-05-28T15:41:58+00:00,Danske Bank,NZD/SEK,NZD,SEK,5.4376,5.5253,5.48145,0.0877,5.4376,5.5253,1,11:59:59,Nya Zeeländska dollar
2026-05-28T15:41:58+00:00,Danske Bank,PLN/SEK,PLN,SEK,2.5213,2.5829,2.5521,0.0616,2.5213,2.5829,1,11:59:59,Polska zloty
2026-05-28T15:41:58+00:00,Danske Bank,SGD/SEK,SGD,SEK,7.2316,7.3145,7.27305,0.0829,7.2316,7.3145,1,11:59:59,Singapore dollar
2026-05-28T15:41:58+00:00,Danske Bank,THB/SEK,THB,SEK,0.278,0.29117,0.284585,0.01317,0.278,0.29117,1,11:59:59,Thailändska baht
2026-05-28T15:41:58+00:00,Danske Bank,TRY/SEK,TRY,SEK,0.18464,0.22074,0.20269,0.0361,0.18464,0.22074,1,11:59:59,Turkiska lira
2026-05-28T15:41:58+00:00,Danske Bank,USD/SEK,USD,SEK,9.2379,9.3707,9.3043,0.1328,9.2379,9.3707,1,11:59:59,Amerikanska dollar
2026-05-28T15:41:58+00:00,Danske Bank,ZAR/SEK,ZAR,SEK,0.55745,0.57782,0.567635,0.02037,0.55745,0.57782,1,11:59:59,Sydafrikanska rand
2026-05-28T15:41:58+00:00,Handelsbanken,EUR/SEK,EUR,SEK,,,10.7873,,10.7859,10.7887,1,,EUR/SEK Spot
2026-05-28T15:41:58+00:00,Handelsbanken,USD/SEK,USD,SEK,,,9.257,,9.2558,9.2583,1,,USD/SEK Spot
2026-05-28T15:41:58+00:00,Handelsbanken,GBP/SEK,GBP,SEK,,,12.4411,,12.4361,12.4461,1,,GBP/SEK Spot
2026-05-28T15:41:58+00:00,Handelsbanken,JPY/SEK,JPY,SEK,,,5.815,,5.81,5.82,1,,JPY/SEK Spot
2026-05-28T15:41:58+00:00,Handelsbanken,CHF/SEK,CHF,SEK,,,11.8032,,11.7982,11.8082,1,,CHF/SEK Spot
2026-05-28T15:41:58+00:00,Handelsbanken,NOK/SEK,NOK,SEK,,,1.0002,,0.9997,1.0007,1,,NOK/SEK Spot
2026-05-28T15:41:58+00:00,Handelsbanken,DKK/SEK,DKK,SEK,,,1.4436,,1.4431,1.4441,1,,DKK/SEK Spot
2026-05-28T15:41:58+00:00,Handelsbanken,CAD/SEK,CAD,SEK,,,6.7063,,6.7013,6.7113,1,,CAD/SEK Spot
2026-05-28T15:41:58+00:00,Handelsbanken,AUD/SEK,AUD,SEK,,,6.6277,,6.6272,6.6282,1,,AUD/SEK Spot
2026-05-28T15:41:58+00:00,Handelsbanken,NZD/SEK,NZD,SEK,,,5.4877,,5.4872,5.4882,1,,NZD/SEK Spot
2026-05-29T14:54:08+00:00,DNB,NOK/SEK,NOK,SEK,0.9903,1.0043,0.9973,0.014,99.03,100.43,100,2026-05-29,Norge
2026-05-29T14:54:08+00:00,DNB,USD/SEK,USD,SEK,9.1805,9.2865,9.2335,0.106,9.1805,9.2865,1,2026-05-29,USA
2026-05-29T14:54:08+00:00,DNB,EUR/SEK,EUR,SEK,10.6992,10.8242,10.7617,0.125,10.6992,10.8242,1,2026-05-29,Europeiska unionen
2026-05-29T14:54:08+00:00,DNB,DKK/SEK,DKK,SEK,1.4324000000000001,1.4474,1.4399,0.015,143.24,144.74,100,2026-05-29,Danmark
2026-05-29T14:54:08+00:00,DNB,GBP/SEK,GBP,SEK,12.3412,12.4872,12.4142,0.146,12.3412,12.4872,1,2026-05-29,Storbritannien
2026-05-29T14:54:08+00:00,DNB,CHF/SEK,CHF,SEK,11.734100000000002,11.8461,11.7901,0.112,1173.41,1184.61,100,2026-05-29,Schweiz
2026-05-29T14:54:08+00:00,DNB,JPY/SEK,JPY,SEK,0.057505,0.058505,0.058005,0.001,5.7505,5.8505,100,2026-05-29,Japan
2026-05-29T14:54:08+00:00,DNB,AED/SEK,AED,SEK,2.4928,2.5368,2.5148,0.044,2.4928,2.5368,1,2026-05-29,Arabemirater
2026-05-29T14:54:08+00:00,DNB,AUD/SEK,AUD,SEK,6.5705,6.6555,6.613,0.085,6.5705,6.6555,1,2026-05-29,Australien
2026-05-29T14:54:08+00:00,DNB,BHD/SEK,BHD,SEK,24.3214,24.7214,24.5214,0.4,24.3214,24.7214,1,2026-05-29,Bahrain
2026-05-29T14:54:08+00:00,DNB,BWP/SEK,BWP,SEK,0.7126,0.7426,0.7276,0.03,0.7126,0.7426,1,2026-05-29,Botswana
2026-05-29T14:54:08+00:00,DNB,PHP/SEK,PHP,SEK,0.1475,0.15289999999999998,0.1502,0.0054,14.75,15.29,100,2026-05-29,Filippinerna
2026-05-29T14:54:08+00:00,DNB,HKD/SEK,HKD,SEK,1.1671,1.1911,1.1791,0.024,1.1671,1.1911,1,2026-05-29,Hong Kong
2026-05-29T14:54:08+00:00,DNB,INR/SEK,INR,SEK,0.0947,0.0991,0.0969,0.0044,0.0947,0.0991,1,2026-05-29,Indien
2026-05-29T14:54:08+00:00,DNB,IDR/SEK,IDR,SEK,0.000505,0.0005290000000000001,0.000517,2.4e-05,0.0505,0.0529,100,2026-05-29,Indonesien
2026-05-29T14:54:08+00:00,DNB,ISK/SEK,ISK,SEK,0.073839,0.07643900000000001,0.075139,0.0026,7.3839,7.6439,100,2026-05-29,Island
2026-05-29T14:54:08+00:00,DNB,ILS/SEK,ILS,SEK,3.259,3.319,3.289,0.06,3.259,3.319,1,2026-05-29,Israel
2026-05-29T14:54:08+00:00,DNB,CAD/SEK,CAD,SEK,6.6514,6.7414,6.6964,0.09,6.6514,6.7414,1,2026-05-29,Kanada
2026-05-29T14:54:08+00:00,DNB,KES/SEK,KES,SEK,0.070305,0.073305,0.071805,0.003,7.0305,7.3305,100,2026-05-29,Kenya
2026-05-29T14:54:08+00:00,DNB,CNH/SEK,CNH,SEK,1.3491,1.3791,1.3641,0.03,134.91,137.91,100,2026-05-29,Kina
2026-05-29T14:54:08+00:00,DNB,CNY/SEK,CNY,SEK,1.3497999999999999,1.3798,1.3648,0.03,134.98,137.98,100,2026-05-29,Kina
2026-05-29T14:54:08+00:00,DNB,KWD/SEK,KWD,SEK,29.9548,30.4548,30.2048,0.5,29.9548,30.4548,1,2026-05-29,Kuwait
2026-05-29T14:54:08+00:00,DNB,MAD/SEK,MAD,SEK,0.9859,1.0299,1.0079,0.044,98.59,102.99,100,2026-05-29,Marocko
2026-05-29T14:54:08+00:00,DNB,MXN/SEK,MXN,SEK,0.5268,0.5408,0.5338,0.014,52.68,54.08,100,2026-05-29,Mexiko
2026-05-29T14:54:08+00:00,DNB,NZD/SEK,NZD,SEK,5.4624,5.5444,5.5034,0.082,5.4624,5.5444,1,2026-05-29,Nya Zeeland
2026-05-29T14:54:08+00:00,DNB,OMR/SEK,OMR,SEK,23.81,24.21,24.01,0.4,23.81,24.21,1,2026-05-29,Oman
2026-05-29T14:54:08+00:00,DNB,PKR/SEK,PKR,SEK,0.0324,0.034,0.0332,0.0016,0.0324,0.034,1,2026-05-29,Pakistan
2026-05-29T14:54:08+00:00,DNB,PLN/SEK,PLN,SEK,2.5243,2.5693,2.5468,0.045,252.43,256.93,100,2026-05-29,Polen
2026-05-29T14:54:08+00:00,DNB,QAR/SEK,QAR,SEK,2.5153,2.5593,2.5373,0.044,2.5153,2.5593,1,2026-05-29,Qatar
2026-05-29T14:54:08+00:00,DNB,RON/SEK,RON,SEK,2.0282,2.0802,2.0542,0.052,202.82,208.02,100,2026-05-29,Rum‰nien
2026-05-29T14:54:08+00:00,DNB,SAR/SEK,SAR,SEK,2.441,2.481,2.461,0.04,2.441,2.481,1,2026-05-29,Saudiarabien
2026-05-29T14:54:08+00:00,DNB,SGD/SEK,SGD,SEK,7.1901,7.2741,7.2321,0.084,7.1901,7.2741,1,2026-05-29,Singapore
2026-05-29T14:54:08+00:00,DNB,LKR/SEK,LKR,SEK,0.0274,0.028999999999999998,0.0282,0.0016,2.74,2.9,100,2026-05-29,Sri Lanka
2026-05-29T14:54:08+00:00,DNB,ZAR/SEK,ZAR,SEK,0.5567,0.5827,0.5697,0.026,0.5567,0.5827,1,2026-05-29,Sydafrika
2026-05-29T14:54:08+00:00,DNB,KRW/SEK,KRW,SEK,0.006037,0.006237,0.006137,0.0002,0.6037,0.6237,100,2026-05-29,Sydkorea
2026-05-29T14:54:08+00:00,DNB,TZS/SEK,TZS,SEK,0.0034649999999999998,0.0036049999999999997,0.003535,0.00014,0.3465,0.3605,100,2026-05-29,Tanzania
2026-05-29T14:54:08+00:00,DNB,THB/SEK,THB,SEK,0.2802,0.2872,0.2837,0.007,28.02,28.72,100,2026-05-29,Thailand
2026-05-29T14:54:08+00:00,DNB,CZK/SEK,CZK,SEK,0.44,0.44659999999999994,0.4433,0.0066,44.0,44.66,100,2026-05-29,Tjeckien
2026-05-29T14:54:08+00:00,DNB,TND/SEK,TND,SEK,3.1558,3.2558,3.2058,0.1,3.1558,3.2558,1,2026-05-29,Tunisien
2026-05-29T14:54:08+00:00,DNB,TRY/SEK,TRY,SEK,0.1963,0.20629999999999998,0.2013,0.01,19.63,20.63,100,2026-05-29,Turkiet
2026-05-29T14:54:08+00:00,DNB,HUF/SEK,HUF,SEK,0.03,0.030699999999999998,0.03035,0.0007,3.0,3.07,100,2026-05-29,Ungern
2026-05-29T14:54:08+00:00,Nordea,AED/SEK,AED,SEK,2.4859,2.5544,2.52015,0.0685,2.4859,2.5544,1,2026-05-29,
2026-05-29T14:54:08+00:00,Nordea,AUD/SEK,AUD,SEK,6.5806,6.7111,6.64585,0.1305,6.5806,6.7111,1,2026-05-29,
2026-05-29T14:54:08+00:00,Nordea,BDT/SEK,BDT,SEK,0.073052,0.077848,0.07545,0.004796,0.073052,0.077848,1,2026-05-29,
2026-05-29T14:54:08+00:00,Nordea,BHD/SEK,BHD,SEK,24.2152,24.8899,24.55255,0.6747,24.2152,24.8899,1,2026-05-29,
2026-05-29T14:54:08+00:00,Nordea,CAD/SEK,CAD,SEK,6.6392,6.7707,6.70495,0.1315,6.6392,6.7707,1,2026-05-29,
2026-05-29T14:54:08+00:00,Nordea,CHF/SEK,CHF,SEK,11.7198,11.9522,11.836,0.2324,11.7198,11.9522,1,2026-05-29,
2026-05-29T14:54:08+00:00,Nordea,CNH/SEK,CNH,SEK,1.3502,1.3872,1.3687,0.037,1.3502,1.3872,1,2026-05-29,
2026-05-29T14:54:08+00:00,Nordea,CNY/SEK,CNY,SEK,1.34047,1.39563,1.36805,0.05516,1.34047,1.39563,1,2026-05-29,
2026-05-29T14:54:08+00:00,Nordea,CZK/SEK,CZK,SEK,0.43943,0.4483,0.443865,0.00887,0.43943,0.4483,1,2026-05-29,
2026-05-29T14:54:08+00:00,Nordea,DKK/SEK,DKK,SEK,1.42838,1.45673,1.442555,0.02835,1.42838,1.45673,1,2026-05-29,
2026-05-29T14:54:08+00:00,Nordea,EGP/SEK,EGP,SEK,0.1718,0.1827,0.17725,0.0109,0.1718,0.1827,1,2026-05-29,
2026-05-29T14:54:08+00:00,Nordea,EUR/SEK,EUR,SEK,10.6721,10.884,10.77805,0.2119,10.6721,10.884,1,2026-05-29,
2026-05-29T14:54:08+00:00,Nordea,GBP/SEK,GBP,SEK,12.3171,12.561,12.43905,0.2439,12.3171,12.561,1,2026-05-29,
2026-05-29T14:54:08+00:00,Nordea,GIP/SEK,GIP,SEK,12.309891,12.568081,12.438986,0.25819,12.309891,12.568081,1,2026-05-29,
2026-05-29T14:54:08+00:00,Nordea,HKD/SEK,HKD,SEK,1.16528,1.19727,1.181275,0.03199,1.16528,1.19727,1,2026-05-29,
2026-05-29T14:54:08+00:00,Nordea,HUF/SEK,HUF,SEK,0.030129,0.030742,0.030435,0.000613,0.030129,0.030742,1,2026-05-29,
2026-05-29T14:54:08+00:00,Nordea,IDR/SEK,IDR,SEK,0.0005072,0.0005285,0.000518,2.1e-05,0.0005072,0.0005285,1,2026-05-29,
2026-05-29T14:54:08+00:00,Nordea,ILS/SEK,ILS,SEK,3.2521,3.3427,3.2974,0.0906,3.2521,3.3427,1,2026-05-29,
2026-05-29T14:54:08+00:00,Nordea,INR/SEK,INR,SEK,0.09548,0.0994,0.09744,0.00392,0.09548,0.0994,1,2026-05-29,
2026-05-29T14:54:08+00:00,Nordea,ISK/SEK,ISK,SEK,0.0736,0.0767,0.07515,0.0031,0.0736,0.0767,1,2026-05-29,
2026-05-29T14:54:08+00:00,Nordea,JPY/SEK,JPY,SEK,0.057529,0.058668,0.058098,0.001139,0.057529,0.058668,1,2026-05-29,
2026-05-29T14:54:08+00:00,Nordea,KES/SEK,KES,SEK,0.0699,0.073,0.07145,0.0031,0.0699,0.073,1,2026-05-29,
2026-05-29T14:54:08+00:00,Nordea,KRW/SEK,KRW,SEK,0.00604,0.006263,0.006152,0.000223,0.00604,0.006263,1,2026-05-29,
2026-05-29T14:54:08+00:00,Nordea,KWD/SEK,KWD,SEK,29.4869,30.3278,29.90735,0.8409,29.4869,30.3278,1,2026-05-29,
2026-05-29T14:54:08+00:00,Nordea,KZT/SEK,KZT,SEK,0.018591,0.019404,0.018998,0.000813,0.018591,0.019404,1,2026-05-29,
2026-05-29T14:54:08+00:00,Nordea,LKR/SEK,LKR,SEK,0.027182,0.028945,0.028063,0.001763,0.027182,0.028945,1,2026-05-29,
2026-05-29T14:54:08+00:00,Nordea,MAD/SEK,MAD,SEK,0.9883,1.0314,1.00985,0.0431,0.9883,1.0314,1,2026-05-29,
2026-05-29T14:54:08+00:00,Nordea,MXN/SEK,MXN,SEK,0.52516,0.53962,0.53239,0.01446,0.52516,0.53962,1,2026-05-29,
2026-05-29T14:54:08+00:00,Nordea,MYR/SEK,MYR,SEK,2.3091,2.36,2.33455,0.0509,2.3091,2.36,1,2026-05-29,
2026-05-29T14:54:08+00:00,Nordea,NOK/SEK,NOK,SEK,0.98934,1.00899,0.999165,0.01965,0.98934,1.00899,1,2026-05-29,
2026-05-29T14:54:08+00:00,Nordea,NZD/SEK,NZD,SEK,5.4844,5.5934,5.5389,0.109,5.4844,5.5934,1,2026-05-29,
2026-05-29T14:54:08+00:00,Nordea,PEN/SEK,PEN,SEK,2.654694,2.764976,2.709835,0.110282,2.654694,2.764976,1,2026-05-29,
2026-05-29T14:54:08+00:00,Nordea,PHP/SEK,PHP,SEK,0.1472,0.1533,0.15025,0.0061,0.1472,0.1533,1,2026-05-29,
2026-05-29T14:54:08+00:00,Nordea,PKR/SEK,PKR,SEK,0.0322,0.0342,0.0332,0.002,0.0322,0.0342,1,2026-05-29,
2026-05-29T14:54:08+00:00,Nordea,PLN/SEK,PLN,SEK,2.52357,2.57381,2.54869,0.05024,2.52357,2.57381,1,2026-05-29,
2026-05-29T14:54:08+00:00,Nordea,QAR/SEK,QAR,SEK,2.4882,2.5906,2.5394,0.1024,2.4882,2.5906,1,2026-05-29,
2026-05-29T14:54:08+00:00,Nordea,RON/SEK,RON,SEK,2.0318,2.0726,2.0522,0.0408,2.0318,2.0726,1,2026-05-29,
2026-05-29T14:54:08+00:00,Nordea,RSD/SEK,RSD,SEK,0.089866,0.093744,0.091805,0.003878,0.089866,0.093744,1,2026-05-29,
2026-05-29T14:54:08+00:00,Nordea,SAR/SEK,SAR,SEK,2.433,2.5004,2.4667,0.0674,2.433,2.5004,1,2026-05-29,
2026-05-29T14:54:08+00:00,Nordea,SGD/SEK,SGD,SEK,7.1778,7.32,7.2489,0.1422,7.1778,7.32,1,2026-05-29,
2026-05-29T14:54:08+00:00,Nordea,THB/SEK,THB,SEK,0.28069,0.28842,0.284555,0.00773,0.28069,0.28842,1,2026-05-29,
2026-05-29T14:54:08+00:00,Nordea,TND/SEK,TND,SEK,3.1187,3.2568,3.18775,0.1381,3.1187,3.2568,1,2026-05-29,
2026-05-29T14:54:08+00:00,Nordea,TRY/SEK,TRY,SEK,0.1975,0.2056,0.20155,0.0081,0.1975,0.2056,1,2026-05-29,
2026-05-29T14:54:08+00:00,Nordea,USD/SEK,USD,SEK,9.1663,9.3476,9.25695,0.1813,9.1663,9.3476,1,2026-05-29,
2026-05-29T14:54:08+00:00,Nordea,ZAR/SEK,ZAR,SEK,0.56393,0.57578,0.569855,0.01185,0.56393,0.57578,1,2026-05-29,
2026-05-29T14:54:08+00:00,SEB,AUD/SEK,AUD,SEK,6.5885,6.6685,6.6285,0.08,6.5885,6.6685,1,2026-05-29,Australien
2026-05-29T14:54:08+00:00,SEB,DKK/SEK,DKK,SEK,1.434365,1.450365,1.442365,0.016,1.434365,1.450365,1,2026-05-29,Danmark
2026-05-29T14:54:08+00:00,SEB,EUR/SEK,EUR,SEK,10.70865,10.84865,10.77865,0.14,10.70865,10.84865,1,2026-05-29,Euro
2026-05-29T14:54:08+00:00,SEB,HKD/SEK,HKD,SEK,1.1691,1.1954,1.18225,0.0263,1.1691,1.1954,1,2026-05-29,Hongkong
2026-05-29T14:54:08+00:00,SEB,INR/SEK,INR,SEK,0.094193,0.100393,0.097293,0.0062,0.094193,0.100393,1,2026-05-29,Indien
2026-05-29T14:54:08+00:00,SEB,IDR/SEK,IDR,SEK,0.000505,0.000538,0.000522,3.3e-05,0.000505,0.000538,1,2026-05-29,Indonesien
2026-05-29T14:54:08+00:00,SEB,ISK/SEK,ISK,SEK,0.075099,0.075439,0.075269,0.00034,0.075099,0.075439,1,2026-05-29,Island
2026-05-29T14:54:08+00:00,SEB,JPY/SEK,JPY,SEK,0.057698,0.058639,0.058168,0.000941,0.057698,0.058639,1,2026-05-29,Japan
2026-05-29T14:54:08+00:00,SEB,CAD/SEK,CAD,SEK,6.6668,6.7529,6.70985,0.0861,6.6668,6.7529,1,2026-05-29,Kanada
2026-05-29T14:54:08+00:00,SEB,CNY/SEK,CNY,SEK,1.3584,1.3785,1.36845,0.0201,1.3584,1.3785,1,2026-05-29,Kina
2026-05-29T14:54:08+00:00,SEB,HRK/SEK,HRK,SEK,1.420552,1.440553,1.430553,0.020001,1.420552,1.440553,1,2026-12-11,Kroatien
2026-05-29T14:54:08+00:00,SEB,MYR/SEK,MYR,SEK,2.319695,2.349695,2.334695,0.03,2.319695,2.349695,1,2026-05-29,Malaysia
2026-05-29T14:54:08+00:00,SEB,MAD/SEK,MAD,SEK,0.9896,1.0243,1.00695,0.0347,0.9896,1.0243,1,2026-05-29,Marocko
2026-05-29T14:54:08+00:00,SEB,MXN/SEK,MXN,SEK,0.527,0.5411,0.53405,0.0141,0.527,0.5411,1,2026-05-29,Mexiko
2026-05-29T14:54:08+00:00,SEB,NOK/SEK,NOK,SEK,0.993645,1.006645,1.000145,0.013,0.993645,1.006645,1,2026-05-29,Norge
2026-05-29T14:54:08+00:00,SEB,NZD/SEK,NZD,SEK,5.4764,5.5584,5.5174,0.082,5.4764,5.5584,1,2026-05-29,Nya Zeeland
2026-05-29T14:54:08+00:00,SEB,PLN/SEK,PLN,SEK,2.527,2.5671,2.54705,0.0401,2.527,2.5671,1,2026-05-29,Polen
2026-05-29T14:54:08+00:00,SEB,RUB/SEK,RUB,SEK,0.12736,0.13174,0.12955,0.00438,0.12736,0.13174,1,2026-05-29,Ryssland
2026-05-29T14:54:08+00:00,SEB,SAR/SEK,SAR,SEK,2.4363,2.5005,2.4684,0.0642,2.4363,2.5005,1,2026-05-29,Saudiarabien
2026-05-29T14:54:08+00:00,SEB,CHF/SEK,CHF,SEK,11.7547,11.8667,11.8107,0.112,11.7547,11.8667,1,2026-05-29,Schweiz
2026-05-29T14:54:08+00:00,SEB,SGD/SEK,SGD,SEK,7.2121,7.2836,7.24785,0.0715,7.2121,7.2836,1,2026-05-29,Singapore
2026-05-29T14:54:08+00:00,SEB,GBP/SEK,GBP,SEK,12.3615,12.5015,12.4315,0.14,12.3615,12.5015,1,2026-05-29,Storbritannien
2026-05-29T14:54:08+00:00,SEB,ZAR/SEK,ZAR,SEK,0.5603,0.5784,0.56935,0.0181,0.5603,0.5784,1,2026-05-29,Sydafrika
2026-05-29T14:54:08+00:00,SEB,KRW/SEK,KRW,SEK,0.006107,0.00628,0.006193,0.000173,0.006107,0.00628,1,2026-05-29,Sydkorea
2026-05-29T14:54:08+00:00,SEB,THB/SEK,THB,SEK,0.2813,0.2872,0.28425,0.0059,0.2813,0.2872,1,2026-05-29,Thailand
2026-05-29T14:54:08+00:00,SEB,CZK/SEK,CZK,SEK,0.440535,0.447135,0.443835,0.0066,0.440535,0.447135,1,2026-05-29,Tjeckien
2026-05-29T14:54:08+00:00,SEB,TRY/SEK,TRY,SEK,0.1673,0.2362,0.20175,0.0689,0.1673,0.2362,1,2026-05-29,Turkiet
2026-05-29T14:54:08+00:00,SEB,HUF/SEK,HUF,SEK,0.029997,0.030759,0.030378,0.000762,0.029997,0.030759,1,2026-05-29,Ungern
2026-05-29T14:54:08+00:00,SEB,USD/SEK,USD,SEK,9.1954,9.3304,9.2629,0.135,9.1954,9.3304,1,2026-05-29,USA
2026-05-29T14:54:08+00:00,Danske Bank,AUD/SEK,AUD,SEK,6.5819,6.6705,6.6262,0.0886,6.5819,6.6705,1,11:59:59,Australiensiska dollar
2026-05-29T14:54:08+00:00,Danske Bank,BRL/SEK,BRL,SEK,1.7853,1.8861,1.8357,0.1008,1.7853,1.8861,1,11:59:59,Brasilianska real
2026-05-29T14:54:08+00:00,Danske Bank,CAD/SEK,CAD,SEK,6.6624,6.7505,6.70645,0.0881,6.6624,6.7505,1,11:59:59,Kanadensiska dollar
2026-05-29T14:54:08+00:00,Danske Bank,CHF/SEK,CHF,SEK,11.7515,11.888,11.81975,0.1365,11.7515,11.888,1,11:59:59,Schweiziska franc
2026-05-29T14:54:08+00:00,Danske Bank,CNY/SEK,CNY,SEK,1.353,1.3837,1.36835,0.0307,1.353,1.3837,1,11:59:59,Kinesiska yuan
2026-05-29T14:54:08+00:00,Danske Bank,CZK/SEK,CZK,SEK,0.43922,0.44854,0.44388,0.00932,0.43922,0.44854,1,11:59:59,Tjeckiska koruna
2026-05-29T14:54:08+00:00,Danske Bank,DKK/SEK,DKK,SEK,1.4343,1.4509,1.4426,0.0166,1.4343,1.4509,1,11:59:59,Danska kronor
2026-05-29T14:54:08+00:00,Danske Bank,EUR/SEK,EUR,SEK,10.7134,10.8475,10.78045,0.1341,10.7134,10.8475,1,11:59:59,Euro
2026-05-29T14:54:08+00:00,Danske Bank,GBP/SEK,GBP,SEK,12.3519,12.4977,12.4248,0.1458,12.3519,12.4977,1,11:59:59,Pound sterling
2026-05-29T14:54:08+00:00,Danske Bank,HKD/SEK,HKD,SEK,1.1696,1.1942,1.1819,0.0246,1.1696,1.1942,1,11:59:59,Hong Kong dollar
2026-05-29T14:54:08+00:00,Danske Bank,HUF/SEK,HUF,SEK,0.029903,0.030951,0.030427,0.001048,0.029903,0.030951,1,11:59:59,Ungerska forint
2026-05-29T14:54:08+00:00,Danske Bank,ILS/SEK,ILS,SEK,3.2259,3.3848,3.30535,0.1589,3.2259,3.3848,1,11:59:59,Israelska new shekel
2026-05-29T14:54:08+00:00,Danske Bank,INR/SEK,INR,SEK,0.094145,0.100805,0.097475,0.00666,0.094145,0.100805,1,11:59:59,Indiska rupees
2026-05-29T14:54:08+00:00,Danske Bank,JPY/SEK,JPY,SEK,0.057618,0.058646,0.058132,0.001028,0.057618,0.058646,1,11:59:59,Japanska yen
2026-05-29T14:54:08+00:00,Danske Bank,NOK/SEK,NOK,SEK,0.9943,1.0091,1.0017,0.0148,0.9943,1.0091,1,11:59:59,Norska kronor
2026-05-29T14:54:08+00:00,Danske Bank,NZD/SEK,NZD,SEK,5.4794,5.5676,5.5235,0.0882,5.4794,5.5676,1,11:59:59,Nya Zeeländska dollar
2026-05-29T14:54:08+00:00,Danske Bank,PLN/SEK,PLN,SEK,2.5164,2.5782,2.5473,0.0618,2.5164,2.5782,1,11:59:59,Polska zloty
2026-05-29T14:54:08+00:00,Danske Bank,SGD/SEK,SGD,SEK,7.2057,7.2892,7.24745,0.0835,7.2057,7.2892,1,11:59:59,Singapore dollar
2026-05-29T14:54:08+00:00,Danske Bank,THB/SEK,THB,SEK,0.27792,0.29113,0.284525,0.01321,0.27792,0.29113,1,11:59:59,Thailändska baht
2026-05-29T14:54:08+00:00,Danske Bank,TRY/SEK,TRY,SEK,0.18377,0.21988,0.201825,0.03611,0.18377,0.21988,1,11:59:59,Turkiska lira
2026-05-29T14:54:08+00:00,Danske Bank,USD/SEK,USD,SEK,9.1935,9.3272,9.26035,0.1337,9.1935,9.3272,1,11:59:59,Amerikanska dollar
2026-05-29T14:54:08+00:00,Danske Bank,ZAR/SEK,ZAR,SEK,0.56064,0.58116,0.5709,0.02052,0.56064,0.58116,1,11:59:59,Sydafrikanska rand
2026-05-29T14:54:08+00:00,Handelsbanken,EUR/SEK,EUR,SEK,,,10.7823,,10.7812,10.7834,1,,EUR/SEK Spot
2026-05-29T14:54:08+00:00,Handelsbanken,USD/SEK,USD,SEK,,,9.2622,,9.2615,9.2628,1,,USD/SEK Spot
2026-05-29T14:54:08+00:00,Handelsbanken,GBP/SEK,GBP,SEK,,,12.4396,,12.4346,12.4446,1,,GBP/SEK Spot
2026-05-29T14:54:08+00:00,Handelsbanken,JPY/SEK,JPY,SEK,,,5.81,,5.805,5.815,1,,JPY/SEK Spot
2026-05-29T14:54:08+00:00,Handelsbanken,CHF/SEK,CHF,SEK,,,11.8332,,11.8282,11.8382,1,,CHF/SEK Spot
2026-05-29T14:54:08+00:00,Handelsbanken,NOK/SEK,NOK,SEK,,,0.9994,,0.9989,0.9999,1,,NOK/SEK Spot
2026-05-29T14:54:08+00:00,Handelsbanken,DKK/SEK,DKK,SEK,,,1.4426,,1.4421,1.4431,1,,DKK/SEK Spot
2026-05-29T14:54:08+00:00,Handelsbanken,CAD/SEK,CAD,SEK,,,6.7054,,6.7004,6.7104,1,,CAD/SEK Spot
2026-05-29T14:54:08+00:00,Handelsbanken,AUD/SEK,AUD,SEK,,,6.6464,,6.6459,6.6469,1,,AUD/SEK Spot
2026-05-29T14:54:08+00:00,Handelsbanken,NZD/SEK,NZD,SEK,,,5.5392,,5.5387,5.5397,1,,NZD/SEK Spot
2026-05-30T13:20:02+00:00,DNB,NOK/SEK,NOK,SEK,0.9903,1.0043,0.9973,0.014,99.03,100.43,100,2026-05-29,Norge
2026-05-30T13:20:02+00:00,DNB,USD/SEK,USD,SEK,9.1805,9.2865,9.2335,0.106,9.1805,9.2865,1,2026-05-29,USA
2026-05-30T13:20:02+00:00,DNB,EUR/SEK,EUR,SEK,10.6992,10.8242,10.7617,0.125,10.6992,10.8242,1,2026-05-29,Europeiska unionen
2026-05-30T13:20:02+00:00,DNB,DKK/SEK,DKK,SEK,1.4324000000000001,1.4474,1.4399,0.015,143.24,144.74,100,2026-05-29,Danmark
2026-05-30T13:20:02+00:00,DNB,GBP/SEK,GBP,SEK,12.3412,12.4872,12.4142,0.146,12.3412,12.4872,1,2026-05-29,Storbritannien
2026-05-30T13:20:02+00:00,DNB,CHF/SEK,CHF,SEK,11.734100000000002,11.8461,11.7901,0.112,1173.41,1184.61,100,2026-05-29,Schweiz
2026-05-30T13:20:02+00:00,DNB,JPY/SEK,JPY,SEK,0.057505,0.058505,0.058005,0.001,5.7505,5.8505,100,2026-05-29,Japan
2026-05-30T13:20:02+00:00,DNB,AED/SEK,AED,SEK,2.4928,2.5368,2.5148,0.044,2.4928,2.5368,1,2026-05-29,Arabemirater
2026-05-30T13:20:02+00:00,DNB,AUD/SEK,AUD,SEK,6.5705,6.6555,6.613,0.085,6.5705,6.6555,1,2026-05-29,Australien
2026-05-30T13:20:02+00:00,DNB,BHD/SEK,BHD,SEK,24.3214,24.7214,24.5214,0.4,24.3214,24.7214,1,2026-05-29,Bahrain
2026-05-30T13:20:02+00:00,DNB,BWP/SEK,BWP,SEK,0.7126,0.7426,0.7276,0.03,0.7126,0.7426,1,2026-05-29,Botswana
2026-05-30T13:20:02+00:00,DNB,PHP/SEK,PHP,SEK,0.1475,0.15289999999999998,0.1502,0.0054,14.75,15.29,100,2026-05-29,Filippinerna
2026-05-30T13:20:02+00:00,DNB,HKD/SEK,HKD,SEK,1.1671,1.1911,1.1791,0.024,1.1671,1.1911,1,2026-05-29,Hong Kong
2026-05-30T13:20:02+00:00,DNB,INR/SEK,INR,SEK,0.0947,0.0991,0.0969,0.0044,0.0947,0.0991,1,2026-05-29,Indien
2026-05-30T13:20:02+00:00,DNB,IDR/SEK,IDR,SEK,0.000505,0.0005290000000000001,0.000517,2.4e-05,0.0505,0.0529,100,2026-05-29,Indonesien
2026-05-30T13:20:02+00:00,DNB,ISK/SEK,ISK,SEK,0.073839,0.07643900000000001,0.075139,0.0026,7.3839,7.6439,100,2026-05-29,Island
2026-05-30T13:20:02+00:00,DNB,ILS/SEK,ILS,SEK,3.259,3.319,3.289,0.06,3.259,3.319,1,2026-05-29,Israel
2026-05-30T13:20:02+00:00,DNB,CAD/SEK,CAD,SEK,6.6514,6.7414,6.6964,0.09,6.6514,6.7414,1,2026-05-29,Kanada
2026-05-30T13:20:02+00:00,DNB,KES/SEK,KES,SEK,0.070305,0.073305,0.071805,0.003,7.0305,7.3305,100,2026-05-29,Kenya
2026-05-30T13:20:02+00:00,DNB,CNH/SEK,CNH,SEK,1.3491,1.3791,1.3641,0.03,134.91,137.91,100,2026-05-29,Kina
2026-05-30T13:20:02+00:00,DNB,CNY/SEK,CNY,SEK,1.3497999999999999,1.3798,1.3648,0.03,134.98,137.98,100,2026-05-29,Kina
2026-05-30T13:20:02+00:00,DNB,KWD/SEK,KWD,SEK,29.9548,30.4548,30.2048,0.5,29.9548,30.4548,1,2026-05-29,Kuwait
2026-05-30T13:20:02+00:00,DNB,MAD/SEK,MAD,SEK,0.9859,1.0299,1.0079,0.044,98.59,102.99,100,2026-05-29,Marocko
2026-05-30T13:20:02+00:00,DNB,MXN/SEK,MXN,SEK,0.5268,0.5408,0.5338,0.014,52.68,54.08,100,2026-05-29,Mexiko
2026-05-30T13:20:02+00:00,DNB,NZD/SEK,NZD,SEK,5.4624,5.5444,5.5034,0.082,5.4624,5.5444,1,2026-05-29,Nya Zeeland
2026-05-30T13:20:02+00:00,DNB,OMR/SEK,OMR,SEK,23.81,24.21,24.01,0.4,23.81,24.21,1,2026-05-29,Oman
2026-05-30T13:20:02+00:00,DNB,PKR/SEK,PKR,SEK,0.0324,0.034,0.0332,0.0016,0.0324,0.034,1,2026-05-29,Pakistan
2026-05-30T13:20:02+00:00,DNB,PLN/SEK,PLN,SEK,2.5243,2.5693,2.5468,0.045,252.43,256.93,100,2026-05-29,Polen
2026-05-30T13:20:02+00:00,DNB,QAR/SEK,QAR,SEK,2.5153,2.5593,2.5373,0.044,2.5153,2.5593,1,2026-05-29,Qatar
2026-05-30T13:20:02+00:00,DNB,RON/SEK,RON,SEK,2.0282,2.0802,2.0542,0.052,202.82,208.02,100,2026-05-29,Rum‰nien
2026-05-30T13:20:02+00:00,DNB,SAR/SEK,SAR,SEK,2.441,2.481,2.461,0.04,2.441,2.481,1,2026-05-29,Saudiarabien
2026-05-30T13:20:02+00:00,DNB,SGD/SEK,SGD,SEK,7.1901,7.2741,7.2321,0.084,7.1901,7.2741,1,2026-05-29,Singapore
2026-05-30T13:20:02+00:00,DNB,LKR/SEK,LKR,SEK,0.0274,0.028999999999999998,0.0282,0.0016,2.74,2.9,100,2026-05-29,Sri Lanka
2026-05-30T13:20:02+00:00,DNB,ZAR/SEK,ZAR,SEK,0.5567,0.5827,0.5697,0.026,0.5567,0.5827,1,2026-05-29,Sydafrika
2026-05-30T13:20:02+00:00,DNB,KRW/SEK,KRW,SEK,0.006037,0.006237,0.006137,0.0002,0.6037,0.6237,100,2026-05-29,Sydkorea
2026-05-30T13:20:02+00:00,DNB,TZS/SEK,TZS,SEK,0.0034649999999999998,0.0036049999999999997,0.003535,0.00014,0.3465,0.3605,100,2026-05-29,Tanzania
2026-05-30T13:20:02+00:00,DNB,THB/SEK,THB,SEK,0.2802,0.2872,0.2837,0.007,28.02,28.72,100,2026-05-29,Thailand
2026-05-30T13:20:02+00:00,DNB,CZK/SEK,CZK,SEK,0.44,0.44659999999999994,0.4433,0.0066,44.0,44.66,100,2026-05-29,Tjeckien
2026-05-30T13:20:02+00:00,DNB,TND/SEK,TND,SEK,3.1558,3.2558,3.2058,0.1,3.1558,3.2558,1,2026-05-29,Tunisien
2026-05-30T13:20:02+00:00,DNB,TRY/SEK,TRY,SEK,0.1963,0.20629999999999998,0.2013,0.01,19.63,20.63,100,2026-05-29,Turkiet
2026-05-30T13:20:02+00:00,DNB,HUF/SEK,HUF,SEK,0.03,0.030699999999999998,0.03035,0.0007,3.0,3.07,100,2026-05-29,Ungern
2026-05-30T13:20:02+00:00,Nordea,AED/SEK,AED,SEK,2.4734,2.566,2.5197,0.0926,2.4734,2.566,1,2026-05-29,
2026-05-30T13:20:02+00:00,Nordea,AUD/SEK,AUD,SEK,6.5366,6.7921,6.66435,0.2555,6.5366,6.7921,1,2026-05-29,
2026-05-30T13:20:02+00:00,Nordea,BDT/SEK,BDT,SEK,0.072656,0.078156,0.075406,0.0055,0.072656,0.078156,1,2026-05-29,
2026-05-30T13:20:02+00:00,Nordea,BHD/SEK,BHD,SEK,24.0938,24.9986,24.5462,0.9048,24.0938,24.9986,1,2026-05-29,
2026-05-30T13:20:02+00:00,Nordea,CAD/SEK,CAD,SEK,6.6059,6.8159,6.7109,0.21,6.6059,6.8159,1,2026-05-29,
2026-05-30T13:20:02+00:00,Nordea,CHF/SEK,CHF,SEK,11.6428,12.0678,11.8553,0.425,11.6428,12.0678,1,2026-05-29,
2026-05-30T13:20:02+00:00,Nordea,CNH/SEK,CNH,SEK,1.3426,1.3955,1.36905,0.0529,1.3426,1.3955,1,2026-05-29,
2026-05-30T13:20:02+00:00,Nordea,CNY/SEK,CNY,SEK,1.33383,1.40169,1.36776,0.06786,1.33383,1.40169,1,2026-05-29,
2026-05-30T13:20:02+00:00,Nordea,CZK/SEK,CZK,SEK,0.4366,0.45162,0.44411,0.01502,0.4366,0.45162,1,2026-05-29,
2026-05-30T13:20:02+00:00,Nordea,DKK/SEK,DKK,SEK,1.41867,1.46925,1.44396,0.05058,1.41867,1.46925,1,2026-05-29,
2026-05-30T13:20:02+00:00,Nordea,EGP/SEK,EGP,SEK,0.171,0.1835,0.17725,0.0125,0.171,0.1835,1,2026-05-29,
2026-05-30T13:20:02+00:00,Nordea,EUR/SEK,EUR,SEK,10.6069,10.975,10.79095,0.3681,10.6069,10.975,1,2026-05-29,
2026-05-30T13:20:02+00:00,Nordea,GBP/SEK,GBP,SEK,12.2241,12.6749,12.4495,0.4508,12.2241,12.6749,1,2026-05-29,
2026-05-30T13:20:02+00:00,Nordea,GIP/SEK,GIP,SEK,12.252798,12.653102,12.45295,0.400304,12.252798,12.653102,1,2026-05-29,
2026-05-30T13:20:02+00:00,Nordea,HKD/SEK,HKD,SEK,1.15921,1.20277,1.18099,0.04356,1.15921,1.20277,1,2026-05-29,
2026-05-30T13:20:02+00:00,Nordea,HUF/SEK,HUF,SEK,0.030001,0.031033,0.030517,0.001032,0.030001,0.031033,1,2026-05-29,
2026-05-30T13:20:02+00:00,Nordea,IDR/SEK,IDR,SEK,0.0005047,0.0005308,0.000518,2.6e-05,0.0005047,0.0005308,1,2026-05-29,
2026-05-30T13:20:02+00:00,Nordea,ILS/SEK,ILS,SEK,3.2132,3.3527,3.28295,0.1395,3.2132,3.3527,1,2026-05-29,
2026-05-30T13:20:02+00:00,Nordea,INR/SEK,INR,SEK,0.095,0.09983,0.097415,0.00483,0.095,0.09983,1,2026-05-29,
2026-05-30T13:20:02+00:00,Nordea,ISK/SEK,ISK,SEK,0.0731,0.0774,0.07525,0.0043,0.0731,0.0774,1,2026-05-29,
2026-05-30T13:20:02+00:00,Nordea,JPY/SEK,JPY,SEK,0.057258,0.058952,0.058105,0.001694,0.057258,0.058952,1,2026-05-29,
2026-05-30T13:20:02+00:00,Nordea,KES/SEK,KES,SEK,0.0696,0.0733,0.07145,0.0037,0.0696,0.0733,1,2026-05-29,
2026-05-30T13:20:02+00:00,Nordea,KRW/SEK,KRW,SEK,0.006011,0.006292,0.006151,0.000281,0.006011,0.006292,1,2026-05-29,
2026-05-30T13:20:02+00:00,Nordea,KWD/SEK,KWD,SEK,29.3391,30.4603,29.8997,1.1212,29.3391,30.4603,1,2026-05-29,
2026-05-30T13:20:02+00:00,Nordea,KZT/SEK,KZT,SEK,0.018545,0.019551,0.019048,0.001006,0.018545,0.019551,1,2026-05-29,
2026-05-30T13:20:02+00:00,Nordea,LKR/SEK,LKR,SEK,0.027059,0.029022,0.02804,0.001963,0.027059,0.029022,1,2026-05-29,
2026-05-30T13:20:02+00:00,Nordea,MAD/SEK,MAD,SEK,0.9832,1.0344,1.0088,0.0512,0.9832,1.0344,1,2026-05-29,
2026-05-30T13:20:02+00:00,Nordea,MXN/SEK,MXN,SEK,0.52028,0.55017,0.535225,0.02989,0.52028,0.55017,1,2026-05-29,
2026-05-30T13:20:02+00:00,Nordea,MYR/SEK,MYR,SEK,2.2976,2.3705,2.33405,0.0729,2.2976,2.3705,1,2026-05-29,
2026-05-30T13:20:02+00:00,Nordea,NOK/SEK,NOK,SEK,0.98299,1.0248,1.003895,0.04181,0.98299,1.0248,1,2026-05-29,
2026-05-30T13:20:02+00:00,Nordea,NZD/SEK,NZD,SEK,5.3414,5.73,5.5357,0.3886,5.3414,5.73,1,2026-05-29,
2026-05-30T13:20:02+00:00,Nordea,PEN/SEK,PEN,SEK,2.642917,2.779244,2.711081,0.136327,2.642917,2.779244,1,2026-05-29,
2026-05-30T13:20:02+00:00,Nordea,PHP/SEK,PHP,SEK,0.1465,0.154,0.15025,0.0075,0.1465,0.154,1,2026-05-29,
2026-05-30T13:20:02+00:00,Nordea,PKR/SEK,PKR,SEK,0.032,0.0344,0.0332,0.0024,0.032,0.0344,1,2026-05-29,
2026-05-30T13:20:02+00:00,Nordea,PLN/SEK,PLN,SEK,2.48485,2.61701,2.55093,0.13216,2.48485,2.61701,1,2026-05-29,
2026-05-30T13:20:02+00:00,Nordea,QAR/SEK,QAR,SEK,2.4756,2.6018,2.5387,0.1262,2.4756,2.6018,1,2026-05-29,
2026-05-30T13:20:02+00:00,Nordea,RON/SEK,RON,SEK,2.0077,2.1018,2.05475,0.0941,2.0077,2.1018,1,2026-05-29,
2026-05-30T13:20:02+00:00,Nordea,RSD/SEK,RSD,SEK,0.089245,0.094463,0.091854,0.005218,0.089245,0.094463,1,2026-05-29,
2026-05-30T13:20:02+00:00,Nordea,SAR/SEK,SAR,SEK,2.4188,2.5117,2.46525,0.0929,2.4188,2.5117,1,2026-05-29,
2026-05-30T13:20:02+00:00,Nordea,SGD/SEK,SGD,SEK,7.1224,7.3721,7.24725,0.2497,7.1224,7.3721,1,2026-05-29,
2026-05-30T13:20:02+00:00,Nordea,THB/SEK,THB,SEK,0.27785,0.29056,0.284205,0.01271,0.27785,0.29056,1,2026-05-29,
2026-05-30T13:20:02+00:00,Nordea,TND/SEK,TND,SEK,3.1097,3.2791,3.1944,0.1694,3.1097,3.2791,1,2026-05-29,
2026-05-30T13:20:02+00:00,Nordea,TRY/SEK,TRY,SEK,0.196,0.2074,0.2017,0.0114,0.196,0.2074,1,2026-05-29,
2026-05-30T13:20:02+00:00,Nordea,USD/SEK,USD,SEK,9.1205,9.3886,9.25455,0.2681,9.1205,9.3886,1,2026-05-29,
2026-05-30T13:20:02+00:00,Nordea,ZAR/SEK,ZAR,SEK,0.55852,0.58147,0.569995,0.02295,0.55852,0.58147,1,2026-05-29,
2026-05-30T13:20:02+00:00,SEB,AUD/SEK,AUD,SEK,6.5885,6.6685,6.6285,0.08,6.5885,6.6685,1,2026-05-29,Australien
2026-05-30T13:20:02+00:00,SEB,DKK/SEK,DKK,SEK,1.434305,1.450305,1.442305,0.016,1.434305,1.450305,1,2026-06-01,Danmark
2026-05-30T13:20:02+00:00,SEB,EUR/SEK,EUR,SEK,10.70865,10.84865,10.77865,0.14,10.70865,10.84865,1,2026-05-29,Euro
2026-05-30T13:20:02+00:00,SEB,HKD/SEK,HKD,SEK,1.1691,1.1954,1.18225,0.0263,1.1691,1.1954,1,2026-05-29,Hongkong
2026-05-30T13:20:02+00:00,SEB,INR/SEK,INR,SEK,0.094193,0.100393,0.097293,0.0062,0.094193,0.100393,1,2026-06-01,Indien
2026-05-30T13:20:02+00:00,SEB,IDR/SEK,IDR,SEK,0.000504,0.000538,0.000521,3.4e-05,0.000504,0.000538,1,2026-06-01,Indonesien
2026-05-30T13:20:02+00:00,SEB,ISK/SEK,ISK,SEK,0.075032,0.075372,0.075202,0.00034,0.075032,0.075372,1,2026-06-01,Island
2026-05-30T13:20:02+00:00,SEB,JPY/SEK,JPY,SEK,0.057587,0.058527,0.058057,0.00094,0.057587,0.058527,1,2026-06-01,Japan
2026-05-30T13:20:02+00:00,SEB,CAD/SEK,CAD,SEK,6.6668,6.7529,6.70985,0.0861,6.6668,6.7529,1,2026-05-29,Kanada
2026-05-30T13:20:02+00:00,SEB,CNY/SEK,CNY,SEK,1.3565,1.3765,1.3665,0.02,1.3565,1.3765,1,2026-06-01,Kina
2026-05-30T13:20:02+00:00,SEB,HRK/SEK,HRK,SEK,1.420552,1.440553,1.430553,0.020001,1.420552,1.440553,1,2026-12-11,Kroatien
2026-05-30T13:20:02+00:00,SEB,MYR/SEK,MYR,SEK,2.319695,2.349695,2.334695,0.03,2.319695,2.349695,1,2026-05-29,Malaysia
2026-05-30T13:20:02+00:00,SEB,MAD/SEK,MAD,SEK,0.9896,1.0243,1.00695,0.0347,0.9896,1.0243,1,2026-05-29,Marocko
2026-05-30T13:20:02+00:00,SEB,MXN/SEK,MXN,SEK,0.527,0.5411,0.53405,0.0141,0.527,0.5411,1,2026-05-29,Mexiko
2026-05-30T13:20:02+00:00,SEB,NOK/SEK,NOK,SEK,0.0,0.0,0.0,0.0,0.0,0.0,1,2026-06-01,Norge
2026-05-30T13:20:02+00:00,SEB,NZD/SEK,NZD,SEK,5.4764,5.5584,5.5174,0.082,5.4764,5.5584,1,2026-05-29,Nya Zeeland
2026-05-30T13:20:02+00:00,SEB,PLN/SEK,PLN,SEK,2.527,2.5671,2.54705,0.0401,2.527,2.5671,1,2026-05-29,Polen
2026-05-30T13:20:02+00:00,SEB,RUB/SEK,RUB,SEK,0.12766,0.13204,0.12985,0.00438,0.12766,0.13204,1,2026-06-01,Ryssland
2026-05-30T13:20:02+00:00,SEB,SAR/SEK,SAR,SEK,2.4363,2.5005,2.4684,0.0642,2.4363,2.5005,1,2026-05-29,Saudiarabien
2026-05-30T13:20:02+00:00,SEB,CHF/SEK,CHF,SEK,11.78405,11.89605,11.84005,0.112,11.78405,11.89605,1,2026-06-01,Schweiz
2026-05-30T13:20:02+00:00,SEB,SGD/SEK,SGD,SEK,7.2121,7.2836,7.24785,0.0715,7.2121,7.2836,1,2026-05-29,Singapore
2026-05-30T13:20:02+00:00,SEB,GBP/SEK,GBP,SEK,12.3615,12.5015,12.4315,0.14,12.3615,12.5015,1,2026-05-29,Storbritannien
2026-05-30T13:20:02+00:00,SEB,ZAR/SEK,ZAR,SEK,0.5603,0.5784,0.56935,0.0181,0.5603,0.5784,1,2026-05-29,Sydafrika
2026-05-30T13:20:02+00:00,SEB,KRW/SEK,KRW,SEK,0.0,0.0,0.0,0.0,0.0,0.0,1,2026-06-01,Sydkorea
2026-05-30T13:20:02+00:00,SEB,THB/SEK,THB,SEK,0.2813,0.2872,0.28425,0.0059,0.2813,0.2872,1,2026-05-29,Thailand
2026-05-30T13:20:02+00:00,SEB,CZK/SEK,CZK,SEK,0.440535,0.447135,0.443835,0.0066,0.440535,0.447135,1,2026-06-01,Tjeckien
2026-05-30T13:20:02+00:00,SEB,TRY/SEK,TRY,SEK,0.1673,0.2362,0.20175,0.0689,0.1673,0.2362,1,2026-05-29,Turkiet
2026-05-30T13:20:02+00:00,SEB,HUF/SEK,HUF,SEK,0.030094,0.030855,0.030475,0.000761,0.030094,0.030855,1,2026-06-01,Ungern
2026-05-30T13:20:02+00:00,SEB,USD/SEK,USD,SEK,9.1954,9.3304,9.2629,0.135,9.1954,9.3304,1,2026-05-29,USA
2026-05-30T13:20:02+00:00,Danske Bank,AUD/SEK,AUD,SEK,6.5819,6.6705,6.6262,0.0886,6.5819,6.6705,1,2026-05-29,Australiensiska dollar
2026-05-30T13:20:02+00:00,Danske Bank,BRL/SEK,BRL,SEK,1.7853,1.8861,1.8357,0.1008,1.7853,1.8861,1,2026-05-29,Brasilianska real
2026-05-30T13:20:02+00:00,Danske Bank,CAD/SEK,CAD,SEK,6.6624,6.7505,6.70645,0.0881,6.6624,6.7505,1,2026-05-29,Kanadensiska dollar
2026-05-30T13:20:02+00:00,Danske Bank,CHF/SEK,CHF,SEK,11.7515,11.888,11.81975,0.1365,11.7515,11.888,1,2026-05-29,Schweiziska franc
2026-05-30T13:20:02+00:00,Danske Bank,CNY/SEK,CNY,SEK,1.353,1.3837,1.36835,0.0307,1.353,1.3837,1,2026-05-29,Kinesiska yuan
2026-05-30T13:20:02+00:00,Danske Bank,CZK/SEK,CZK,SEK,0.43922,0.44854,0.44388,0.00932,0.43922,0.44854,1,2026-05-29,Tjeckiska koruna
2026-05-30T13:20:02+00:00,Danske Bank,DKK/SEK,DKK,SEK,1.4343,1.4509,1.4426,0.0166,1.4343,1.4509,1,2026-05-29,Danska kronor
2026-05-30T13:20:02+00:00,Danske Bank,EUR/SEK,EUR,SEK,10.7134,10.8475,10.78045,0.1341,10.7134,10.8475,1,2026-05-29,Euro
2026-05-30T13:20:02+00:00,Danske Bank,GBP/SEK,GBP,SEK,12.3519,12.4977,12.4248,0.1458,12.3519,12.4977,1,2026-05-29,Pound sterling
2026-05-30T13:20:02+00:00,Danske Bank,HKD/SEK,HKD,SEK,1.1696,1.1942,1.1819,0.0246,1.1696,1.1942,1,2026-05-29,Hong Kong dollar
2026-05-30T13:20:02+00:00,Danske Bank,HUF/SEK,HUF,SEK,0.029903,0.030951,0.030427,0.001048,0.029903,0.030951,1,2026-05-29,Ungerska forint
2026-05-30T13:20:02+00:00,Danske Bank,ILS/SEK,ILS,SEK,3.2259,3.3848,3.30535,0.1589,3.2259,3.3848,1,2026-05-29,Israelska new shekel
2026-05-30T13:20:02+00:00,Danske Bank,INR/SEK,INR,SEK,0.094145,0.100805,0.097475,0.00666,0.094145,0.100805,1,2026-05-29,Indiska rupees
2026-05-30T13:20:02+00:00,Danske Bank,JPY/SEK,JPY,SEK,0.057618,0.058646,0.058132,0.001028,0.057618,0.058646,1,2026-05-29,Japanska yen
2026-05-30T13:20:02+00:00,Danske Bank,NOK/SEK,NOK,SEK,0.9943,1.0091,1.0017,0.0148,0.9943,1.0091,1,2026-05-29,Norska kronor
2026-05-30T13:20:02+00:00,Danske Bank,NZD/SEK,NZD,SEK,5.4794,5.5676,5.5235,0.0882,5.4794,5.5676,1,2026-05-29,Nya Zeeländska dollar
2026-05-30T13:20:02+00:00,Danske Bank,PLN/SEK,PLN,SEK,2.5164,2.5782,2.5473,0.0618,2.5164,2.5782,1,2026-05-29,Polska zloty
2026-05-30T13:20:02+00:00,Danske Bank,SGD/SEK,SGD,SEK,7.2057,7.2892,7.24745,0.0835,7.2057,7.2892,1,2026-05-29,Singapore dollar
2026-05-30T13:20:02+00:00,Danske Bank,THB/SEK,THB,SEK,0.27792,0.29113,0.284525,0.01321,0.27792,0.29113,1,2026-05-29,Thailändska baht
2026-05-30T13:20:02+00:00,Danske Bank,TRY/SEK,TRY,SEK,0.18377,0.21988,0.201825,0.03611,0.18377,0.21988,1,2026-05-29,Turkiska lira
2026-05-30T13:20:02+00:00,Danske Bank,USD/SEK,USD,SEK,9.1935,9.3272,9.26035,0.1337,9.1935,9.3272,1,2026-05-29,Amerikanska dollar
2026-05-30T13:20:02+00:00,Danske Bank,ZAR/SEK,ZAR,SEK,0.56064,0.58116,0.5709,0.02052,0.56064,0.58116,1,2026-05-29,Sydafrikanska rand
2026-05-30T13:20:02+00:00,Handelsbanken,EUR/SEK,EUR,SEK,,,10.7792,,10.7767,10.7817,1,,EUR/SEK Spot
2026-05-30T13:20:02+00:00,Handelsbanken,USD/SEK,USD,SEK,,,9.2446,,9.2285,9.2607,1,,USD/SEK Spot
2026-05-30T13:20:02+00:00,Handelsbanken,GBP/SEK,GBP,SEK,,,12.4331,,12.4281,12.4381,1,,GBP/SEK Spot
2026-05-30T13:20:02+00:00,Handelsbanken,JPY/SEK,JPY,SEK,,,5.802,,5.797,5.807,1,,JPY/SEK Spot
2026-05-30T13:20:02+00:00,Handelsbanken,CHF/SEK,CHF,SEK,,,11.8325,,11.8275,11.8375,1,,CHF/SEK Spot
2026-05-30T13:20:02+00:00,Handelsbanken,NOK/SEK,NOK,SEK,,,0.9991,,0.9986,0.9996,1,,NOK/SEK Spot
2026-05-30T13:20:02+00:00,Handelsbanken,DKK/SEK,DKK,SEK,,,1.4417,,1.4412,1.4422,1,,DKK/SEK Spot
2026-05-30T13:20:02+00:00,Handelsbanken,CAD/SEK,CAD,SEK,,,6.6984,,6.6934,6.7034,1,,CAD/SEK Spot
2026-05-30T13:20:02+00:00,Handelsbanken,AUD/SEK,AUD,SEK,,,6.6388,,6.6383,6.6393,1,,AUD/SEK Spot
2026-05-30T13:20:02+00:00,Handelsbanken,NZD/SEK,NZD,SEK,,,5.5341,,5.5336,5.5346,1,,NZD/SEK Spot
2026-05-31T13:27:46+00:00,DNB,NOK/SEK,NOK,SEK,0.9903,1.0043,0.9973,0.014,99.03,100.43,100,2026-05-29,Norge
2026-05-31T13:27:46+00:00,DNB,USD/SEK,USD,SEK,9.1805,9.2865,9.2335,0.106,9.1805,9.2865,1,2026-05-29,USA
2026-05-31T13:27:46+00:00,DNB,EUR/SEK,EUR,SEK,10.6992,10.8242,10.7617,0.125,10.6992,10.8242,1,2026-05-29,Europeiska unionen
2026-05-31T13:27:46+00:00,DNB,DKK/SEK,DKK,SEK,1.4324000000000001,1.4474,1.4399,0.015,143.24,144.74,100,2026-05-29,Danmark
2026-05-31T13:27:46+00:00,DNB,GBP/SEK,GBP,SEK,12.3412,12.4872,12.4142,0.146,12.3412,12.4872,1,2026-05-29,Storbritannien
2026-05-31T13:27:46+00:00,DNB,CHF/SEK,CHF,SEK,11.734100000000002,11.8461,11.7901,0.112,1173.41,1184.61,100,2026-05-29,Schweiz
2026-05-31T13:27:46+00:00,DNB,JPY/SEK,JPY,SEK,0.057505,0.058505,0.058005,0.001,5.7505,5.8505,100,2026-05-29,Japan
2026-05-31T13:27:46+00:00,DNB,AED/SEK,AED,SEK,2.4928,2.5368,2.5148,0.044,2.4928,2.5368,1,2026-05-29,Arabemirater
2026-05-31T13:27:46+00:00,DNB,AUD/SEK,AUD,SEK,6.5705,6.6555,6.613,0.085,6.5705,6.6555,1,2026-05-29,Australien
2026-05-31T13:27:46+00:00,DNB,BHD/SEK,BHD,SEK,24.3214,24.7214,24.5214,0.4,24.3214,24.7214,1,2026-05-29,Bahrain
2026-05-31T13:27:46+00:00,DNB,BWP/SEK,BWP,SEK,0.7126,0.7426,0.7276,0.03,0.7126,0.7426,1,2026-05-29,Botswana
2026-05-31T13:27:46+00:00,DNB,PHP/SEK,PHP,SEK,0.1475,0.15289999999999998,0.1502,0.0054,14.75,15.29,100,2026-05-29,Filippinerna
2026-05-31T13:27:46+00:00,DNB,HKD/SEK,HKD,SEK,1.1671,1.1911,1.1791,0.024,1.1671,1.1911,1,2026-05-29,Hong Kong
2026-05-31T13:27:46+00:00,DNB,INR/SEK,INR,SEK,0.0947,0.0991,0.0969,0.0044,0.0947,0.0991,1,2026-05-29,Indien
2026-05-31T13:27:46+00:00,DNB,IDR/SEK,IDR,SEK,0.000505,0.0005290000000000001,0.000517,2.4e-05,0.0505,0.0529,100,2026-05-29,Indonesien
2026-05-31T13:27:46+00:00,DNB,ISK/SEK,ISK,SEK,0.073839,0.07643900000000001,0.075139,0.0026,7.3839,7.6439,100,2026-05-29,Island
2026-05-31T13:27:46+00:00,DNB,ILS/SEK,ILS,SEK,3.259,3.319,3.289,0.06,3.259,3.319,1,2026-05-29,Israel
2026-05-31T13:27:46+00:00,DNB,CAD/SEK,CAD,SEK,6.6514,6.7414,6.6964,0.09,6.6514,6.7414,1,2026-05-29,Kanada
2026-05-31T13:27:46+00:00,DNB,KES/SEK,KES,SEK,0.070305,0.073305,0.071805,0.003,7.0305,7.3305,100,2026-05-29,Kenya
2026-05-31T13:27:46+00:00,DNB,CNH/SEK,CNH,SEK,1.3491,1.3791,1.3641,0.03,134.91,137.91,100,2026-05-29,Kina
2026-05-31T13:27:46+00:00,DNB,CNY/SEK,CNY,SEK,1.3497999999999999,1.3798,1.3648,0.03,134.98,137.98,100,2026-05-29,Kina
2026-05-31T13:27:46+00:00,DNB,KWD/SEK,KWD,SEK,29.9548,30.4548,30.2048,0.5,29.9548,30.4548,1,2026-05-29,Kuwait
2026-05-31T13:27:46+00:00,DNB,MAD/SEK,MAD,SEK,0.9859,1.0299,1.0079,0.044,98.59,102.99,100,2026-05-29,Marocko
2026-05-31T13:27:46+00:00,DNB,MXN/SEK,MXN,SEK,0.5268,0.5408,0.5338,0.014,52.68,54.08,100,2026-05-29,Mexiko
2026-05-31T13:27:46+00:00,DNB,NZD/SEK,NZD,SEK,5.4624,5.5444,5.5034,0.082,5.4624,5.5444,1,2026-05-29,Nya Zeeland
2026-05-31T13:27:46+00:00,DNB,OMR/SEK,OMR,SEK,23.81,24.21,24.01,0.4,23.81,24.21,1,2026-05-29,Oman
2026-05-31T13:27:46+00:00,DNB,PKR/SEK,PKR,SEK,0.0324,0.034,0.0332,0.0016,0.0324,0.034,1,2026-05-29,Pakistan
2026-05-31T13:27:46+00:00,DNB,PLN/SEK,PLN,SEK,2.5243,2.5693,2.5468,0.045,252.43,256.93,100,2026-05-29,Polen
2026-05-31T13:27:46+00:00,DNB,QAR/SEK,QAR,SEK,2.5153,2.5593,2.5373,0.044,2.5153,2.5593,1,2026-05-29,Qatar
2026-05-31T13:27:46+00:00,DNB,RON/SEK,RON,SEK,2.0282,2.0802,2.0542,0.052,202.82,208.02,100,2026-05-29,Rum‰nien
2026-05-31T13:27:46+00:00,DNB,SAR/SEK,SAR,SEK,2.441,2.481,2.461,0.04,2.441,2.481,1,2026-05-29,Saudiarabien
2026-05-31T13:27:46+00:00,DNB,SGD/SEK,SGD,SEK,7.1901,7.2741,7.2321,0.084,7.1901,7.2741,1,2026-05-29,Singapore
2026-05-31T13:27:46+00:00,DNB,LKR/SEK,LKR,SEK,0.0274,0.028999999999999998,0.0282,0.0016,2.74,2.9,100,2026-05-29,Sri Lanka
2026-05-31T13:27:46+00:00,DNB,ZAR/SEK,ZAR,SEK,0.5567,0.5827,0.5697,0.026,0.5567,0.5827,1,2026-05-29,Sydafrika
2026-05-31T13:27:46+00:00,DNB,KRW/SEK,KRW,SEK,0.006037,0.006237,0.006137,0.0002,0.6037,0.6237,100,2026-05-29,Sydkorea
2026-05-31T13:27:46+00:00,DNB,TZS/SEK,TZS,SEK,0.0034649999999999998,0.0036049999999999997,0.003535,0.00014,0.3465,0.3605,100,2026-05-29,Tanzania
2026-05-31T13:27:46+00:00,DNB,THB/SEK,THB,SEK,0.2802,0.2872,0.2837,0.007,28.02,28.72,100,2026-05-29,Thailand
2026-05-31T13:27:46+00:00,DNB,CZK/SEK,CZK,SEK,0.44,0.44659999999999994,0.4433,0.0066,44.0,44.66,100,2026-05-29,Tjeckien
2026-05-31T13:27:46+00:00,DNB,TND/SEK,TND,SEK,3.1558,3.2558,3.2058,0.1,3.1558,3.2558,1,2026-05-29,Tunisien
2026-05-31T13:27:46+00:00,DNB,TRY/SEK,TRY,SEK,0.1963,0.20629999999999998,0.2013,0.01,19.63,20.63,100,2026-05-29,Turkiet
2026-05-31T13:27:46+00:00,DNB,HUF/SEK,HUF,SEK,0.03,0.030699999999999998,0.03035,0.0007,3.0,3.07,100,2026-05-29,Ungern
2026-05-31T13:27:46+00:00,Nordea,AED/SEK,AED,SEK,2.4734,2.566,2.5197,0.0926,2.4734,2.566,1,2026-05-29,
2026-05-31T13:27:46+00:00,Nordea,AUD/SEK,AUD,SEK,6.5366,6.7921,6.66435,0.2555,6.5366,6.7921,1,2026-05-29,
2026-05-31T13:27:46+00:00,Nordea,BDT/SEK,BDT,SEK,0.072656,0.078156,0.075406,0.0055,0.072656,0.078156,1,2026-05-29,
2026-05-31T13:27:46+00:00,Nordea,BHD/SEK,BHD,SEK,24.0938,24.9986,24.5462,0.9048,24.0938,24.9986,1,2026-05-29,
2026-05-31T13:27:46+00:00,Nordea,CAD/SEK,CAD,SEK,6.6059,6.8159,6.7109,0.21,6.6059,6.8159,1,2026-05-29,
2026-05-31T13:27:46+00:00,Nordea,CHF/SEK,CHF,SEK,11.6428,12.0678,11.8553,0.425,11.6428,12.0678,1,2026-05-29,
2026-05-31T13:27:46+00:00,Nordea,CNH/SEK,CNH,SEK,1.3426,1.3955,1.36905,0.0529,1.3426,1.3955,1,2026-05-29,
2026-05-31T13:27:46+00:00,Nordea,CNY/SEK,CNY,SEK,1.33383,1.40169,1.36776,0.06786,1.33383,1.40169,1,2026-05-29,
2026-05-31T13:27:46+00:00,Nordea,CZK/SEK,CZK,SEK,0.4366,0.45162,0.44411,0.01502,0.4366,0.45162,1,2026-05-29,
2026-05-31T13:27:46+00:00,Nordea,DKK/SEK,DKK,SEK,1.41867,1.46925,1.44396,0.05058,1.41867,1.46925,1,2026-05-29,
2026-05-31T13:27:46+00:00,Nordea,EGP/SEK,EGP,SEK,0.171,0.1835,0.17725,0.0125,0.171,0.1835,1,2026-05-29,
2026-05-31T13:27:46+00:00,Nordea,EUR/SEK,EUR,SEK,10.6069,10.975,10.79095,0.3681,10.6069,10.975,1,2026-05-29,
2026-05-31T13:27:46+00:00,Nordea,GBP/SEK,GBP,SEK,12.2241,12.6749,12.4495,0.4508,12.2241,12.6749,1,2026-05-29,
2026-05-31T13:27:46+00:00,Nordea,GIP/SEK,GIP,SEK,12.252798,12.653102,12.45295,0.400304,12.252798,12.653102,1,2026-05-29,
2026-05-31T13:27:46+00:00,Nordea,HKD/SEK,HKD,SEK,1.15921,1.20277,1.18099,0.04356,1.15921,1.20277,1,2026-05-29,
2026-05-31T13:27:46+00:00,Nordea,HUF/SEK,HUF,SEK,0.030001,0.031033,0.030517,0.001032,0.030001,0.031033,1,2026-05-29,
2026-05-31T13:27:46+00:00,Nordea,IDR/SEK,IDR,SEK,0.0005047,0.0005308,0.000518,2.6e-05,0.0005047,0.0005308,1,2026-05-29,
2026-05-31T13:27:46+00:00,Nordea,ILS/SEK,ILS,SEK,3.2132,3.3527,3.28295,0.1395,3.2132,3.3527,1,2026-05-29,
2026-05-31T13:27:46+00:00,Nordea,INR/SEK,INR,SEK,0.095,0.09983,0.097415,0.00483,0.095,0.09983,1,2026-05-29,
2026-05-31T13:27:46+00:00,Nordea,ISK/SEK,ISK,SEK,0.0731,0.0774,0.07525,0.0043,0.0731,0.0774,1,2026-05-29,
2026-05-31T13:27:46+00:00,Nordea,JPY/SEK,JPY,SEK,0.057258,0.058952,0.058105,0.001694,0.057258,0.058952,1,2026-05-29,
2026-05-31T13:27:46+00:00,Nordea,KES/SEK,KES,SEK,0.0696,0.0733,0.07145,0.0037,0.0696,0.0733,1,2026-05-29,
2026-05-31T13:27:46+00:00,Nordea,KRW/SEK,KRW,SEK,0.006011,0.006292,0.006151,0.000281,0.006011,0.006292,1,2026-05-29,
2026-05-31T13:27:46+00:00,Nordea,KWD/SEK,KWD,SEK,29.3391,30.4603,29.8997,1.1212,29.3391,30.4603,1,2026-05-29,
2026-05-31T13:27:46+00:00,Nordea,KZT/SEK,KZT,SEK,0.018545,0.019551,0.019048,0.001006,0.018545,0.019551,1,2026-05-29,
2026-05-31T13:27:46+00:00,Nordea,LKR/SEK,LKR,SEK,0.027059,0.029022,0.02804,0.001963,0.027059,0.029022,1,2026-05-29,
2026-05-31T13:27:46+00:00,Nordea,MAD/SEK,MAD,SEK,0.9832,1.0344,1.0088,0.0512,0.9832,1.0344,1,2026-05-29,
2026-05-31T13:27:46+00:00,Nordea,MXN/SEK,MXN,SEK,0.52028,0.55017,0.535225,0.02989,0.52028,0.55017,1,2026-05-29,
2026-05-31T13:27:46+00:00,Nordea,MYR/SEK,MYR,SEK,2.2976,2.3705,2.33405,0.0729,2.2976,2.3705,1,2026-05-29,
2026-05-31T13:27:46+00:00,Nordea,NOK/SEK,NOK,SEK,0.98299,1.0248,1.003895,0.04181,0.98299,1.0248,1,2026-05-29,
2026-05-31T13:27:46+00:00,Nordea,NZD/SEK,NZD,SEK,5.3414,5.73,5.5357,0.3886,5.3414,5.73,1,2026-05-29,
2026-05-31T13:27:46+00:00,Nordea,PEN/SEK,PEN,SEK,2.642917,2.779244,2.711081,0.136327,2.642917,2.779244,1,2026-05-29,
2026-05-31T13:27:46+00:00,Nordea,PHP/SEK,PHP,SEK,0.1465,0.154,0.15025,0.0075,0.1465,0.154,1,2026-05-29,
2026-05-31T13:27:46+00:00,Nordea,PKR/SEK,PKR,SEK,0.032,0.0344,0.0332,0.0024,0.032,0.0344,1,2026-05-29,
2026-05-31T13:27:46+00:00,Nordea,PLN/SEK,PLN,SEK,2.48485,2.61701,2.55093,0.13216,2.48485,2.61701,1,2026-05-29,
2026-05-31T13:27:46+00:00,Nordea,QAR/SEK,QAR,SEK,2.4756,2.6018,2.5387,0.1262,2.4756,2.6018,1,2026-05-29,
2026-05-31T13:27:46+00:00,Nordea,RON/SEK,RON,SEK,2.0077,2.1018,2.05475,0.0941,2.0077,2.1018,1,2026-05-29,
2026-05-31T13:27:46+00:00,Nordea,RSD/SEK,RSD,SEK,0.089245,0.094463,0.091854,0.005218,0.089245,0.094463,1,2026-05-29,
2026-05-31T13:27:46+00:00,Nordea,SAR/SEK,SAR,SEK,2.4188,2.5117,2.46525,0.0929,2.4188,2.5117,1,2026-05-29,
2026-05-31T13:27:46+00:00,Nordea,SGD/SEK,SGD,SEK,7.1224,7.3721,7.24725,0.2497,7.1224,7.3721,1,2026-05-29,
2026-05-31T13:27:46+00:00,Nordea,THB/SEK,THB,SEK,0.27785,0.29056,0.284205,0.01271,0.27785,0.29056,1,2026-05-29,
2026-05-31T13:27:46+00:00,Nordea,TND/SEK,TND,SEK,3.1097,3.2791,3.1944,0.1694,3.1097,3.2791,1,2026-05-29,
2026-05-31T13:27:46+00:00,Nordea,TRY/SEK,TRY,SEK,0.196,0.2074,0.2017,0.0114,0.196,0.2074,1,2026-05-29,
2026-05-31T13:27:46+00:00,Nordea,USD/SEK,USD,SEK,9.1205,9.3886,9.25455,0.2681,9.1205,9.3886,1,2026-05-29,
2026-05-31T13:27:46+00:00,Nordea,ZAR/SEK,ZAR,SEK,0.55852,0.58147,0.569995,0.02295,0.55852,0.58147,1,2026-05-29,
2026-05-31T13:27:46+00:00,SEB,AUD/SEK,AUD,SEK,6.603,6.6831,6.64305,0.0801,6.603,6.6831,1,2026-06-01,Australien
2026-05-31T13:27:46+00:00,SEB,DKK/SEK,DKK,SEK,1.434305,1.450305,1.442305,0.016,1.434305,1.450305,1,2026-06-01,Danmark
2026-05-31T13:27:46+00:00,SEB,EUR/SEK,EUR,SEK,10.7096,10.8496,10.7796,0.14,10.7096,10.8496,1,2026-06-01,Euro
2026-05-31T13:27:46+00:00,SEB,HKD/SEK,HKD,SEK,1.1667,1.1929,1.1798,0.0262,1.1667,1.1929,1,2026-06-01,Hongkong
2026-05-31T13:27:46+00:00,SEB,INR/SEK,INR,SEK,0.094193,0.100393,0.097293,0.0062,0.094193,0.100393,1,2026-06-01,Indien
2026-05-31T13:27:46+00:00,SEB,IDR/SEK,IDR,SEK,0.000505,0.000538,0.000522,3.3e-05,0.000505,0.000538,1,2026-06-01,Indonesien
2026-05-31T13:27:46+00:00,SEB,ISK/SEK,ISK,SEK,0.075032,0.075372,0.075202,0.00034,0.075032,0.075372,1,2026-06-01,Island
2026-05-31T13:27:46+00:00,SEB,JPY/SEK,JPY,SEK,0.057587,0.058527,0.058057,0.00094,0.057587,0.058527,1,2026-06-01,Japan
2026-05-31T13:27:46+00:00,SEB,CAD/SEK,CAD,SEK,6.6606,6.7466,6.7036,0.086,6.6606,6.7466,1,2026-06-01,Kanada
2026-05-31T13:27:46+00:00,SEB,CNY/SEK,CNY,SEK,1.3565,1.3765,1.3665,0.02,1.3565,1.3765,1,2026-06-01,Kina
2026-05-31T13:27:46+00:00,SEB,HRK/SEK,HRK,SEK,1.420552,1.440553,1.430553,0.020001,1.420552,1.440553,1,2026-12-11,Kroatien
2026-05-31T13:27:46+00:00,SEB,MYR/SEK,MYR,SEK,2.319695,2.349695,2.334695,0.03,2.319695,2.349695,1,2026-05-29,Malaysia
2026-05-31T13:27:46+00:00,SEB,MAD/SEK,MAD,SEK,0.9899,1.0245,1.0072,0.0346,0.9899,1.0245,1,2026-06-01,Marocko
2026-05-31T13:27:46+00:00,SEB,MXN/SEK,MXN,SEK,0.527,0.5411,0.53405,0.0141,0.527,0.5411,1,2026-06-01,Mexiko
2026-05-31T13:27:46+00:00,SEB,NOK/SEK,NOK,SEK,0.0,0.0,0.0,0.0,0.0,0.0,1,2026-06-01,Norge
2026-05-31T13:27:46+00:00,SEB,NZD/SEK,NZD,SEK,5.4984,5.5805,5.53945,0.0821,5.4984,5.5805,1,2026-06-01,Nya Zeeland
2026-05-31T13:27:46+00:00,SEB,PLN/SEK,PLN,SEK,2.5284,2.5684,2.5484,0.04,2.5284,2.5684,1,2026-06-01,Polen
2026-05-31T13:27:46+00:00,SEB,RUB/SEK,RUB,SEK,0.12766,0.13204,0.12985,0.00438,0.12766,0.13204,1,2026-06-01,Ryssland
2026-05-31T13:27:46+00:00,SEB,SAR/SEK,SAR,SEK,2.4363,2.5005,2.4684,0.0642,2.4363,2.5005,1,2026-06-01,Saudiarabien
2026-05-31T13:27:46+00:00,SEB,CHF/SEK,CHF,SEK,11.78405,11.89605,11.84005,0.112,11.78405,11.89605,1,2026-06-01,Schweiz
2026-05-31T13:27:46+00:00,SEB,SGD/SEK,SGD,SEK,7.2121,7.2836,7.24785,0.0715,7.2121,7.2836,1,2026-06-01,Singapore
2026-05-31T13:27:46+00:00,SEB,GBP/SEK,GBP,SEK,12.3728,12.5129,12.44285,0.1401,12.3728,12.5129,1,2026-06-01,Storbritannien
2026-05-31T13:27:46+00:00,SEB,ZAR/SEK,ZAR,SEK,0.5603,0.5784,0.56935,0.0181,0.5603,0.5784,1,2026-06-01,Sydafrika
2026-05-31T13:27:46+00:00,SEB,KRW/SEK,KRW,SEK,0.0,0.0,0.0,0.0,0.0,0.0,1,2026-06-01,Sydkorea
2026-05-31T13:27:46+00:00,SEB,THB/SEK,THB,SEK,0.2813,0.2872,0.28425,0.0059,0.2813,0.2872,1,2026-06-01,Thailand
2026-05-31T13:27:46+00:00,SEB,CZK/SEK,CZK,SEK,0.440535,0.447135,0.443835,0.0066,0.440535,0.447135,1,2026-06-01,Tjeckien
2026-05-31T13:27:46+00:00,SEB,TRY/SEK,TRY,SEK,0.1673,0.2362,0.20175,0.0689,0.1673,0.2362,1,2026-06-01,Turkiet
2026-05-31T13:27:46+00:00,SEB,HUF/SEK,HUF,SEK,0.030094,0.030855,0.030475,0.000761,0.030094,0.030855,1,2026-06-01,Ungern
2026-05-31T13:27:46+00:00,SEB,USD/SEK,USD,SEK,9.1784,9.3134,9.2459,0.135,9.1784,9.3134,1,2026-06-01,USA
2026-05-31T13:27:46+00:00,Danske Bank,AUD/SEK,AUD,SEK,6.5819,6.6705,6.6262,0.0886,6.5819,6.6705,1,2026-05-29,Australiensiska dollar
2026-05-31T13:27:46+00:00,Danske Bank,BRL/SEK,BRL,SEK,1.7853,1.8861,1.8357,0.1008,1.7853,1.8861,1,2026-05-29,Brasilianska real
2026-05-31T13:27:46+00:00,Danske Bank,CAD/SEK,CAD,SEK,6.6624,6.7505,6.70645,0.0881,6.6624,6.7505,1,2026-05-29,Kanadensiska dollar
2026-05-31T13:27:46+00:00,Danske Bank,CHF/SEK,CHF,SEK,11.7515,11.888,11.81975,0.1365,11.7515,11.888,1,2026-05-29,Schweiziska franc
2026-05-31T13:27:46+00:00,Danske Bank,CNY/SEK,CNY,SEK,1.353,1.3837,1.36835,0.0307,1.353,1.3837,1,2026-05-29,Kinesiska yuan
2026-05-31T13:27:46+00:00,Danske Bank,CZK/SEK,CZK,SEK,0.43922,0.44854,0.44388,0.00932,0.43922,0.44854,1,2026-05-29,Tjeckiska koruna
2026-05-31T13:27:46+00:00,Danske Bank,DKK/SEK,DKK,SEK,1.4343,1.4509,1.4426,0.0166,1.4343,1.4509,1,2026-05-29,Danska kronor
2026-05-31T13:27:46+00:00,Danske Bank,EUR/SEK,EUR,SEK,10.7134,10.8475,10.78045,0.1341,10.7134,10.8475,1,2026-05-29,Euro
2026-05-31T13:27:46+00:00,Danske Bank,GBP/SEK,GBP,SEK,12.3519,12.4977,12.4248,0.1458,12.3519,12.4977,1,2026-05-29,Pound sterling
2026-05-31T13:27:46+00:00,Danske Bank,HKD/SEK,HKD,SEK,1.1696,1.1942,1.1819,0.0246,1.1696,1.1942,1,2026-05-29,Hong Kong dollar
2026-05-31T13:27:46+00:00,Danske Bank,HUF/SEK,HUF,SEK,0.029903,0.030951,0.030427,0.001048,0.029903,0.030951,1,2026-05-29,Ungerska forint
2026-05-31T13:27:46+00:00,Danske Bank,ILS/SEK,ILS,SEK,3.2259,3.3848,3.30535,0.1589,3.2259,3.3848,1,2026-05-29,Israelska new shekel
2026-05-31T13:27:46+00:00,Danske Bank,INR/SEK,INR,SEK,0.094145,0.100805,0.097475,0.00666,0.094145,0.100805,1,2026-05-29,Indiska rupees
2026-05-31T13:27:46+00:00,Danske Bank,JPY/SEK,JPY,SEK,0.057618,0.058646,0.058132,0.001028,0.057618,0.058646,1,2026-05-29,Japanska yen
2026-05-31T13:27:46+00:00,Danske Bank,NOK/SEK,NOK,SEK,0.9943,1.0091,1.0017,0.0148,0.9943,1.0091,1,2026-05-29,Norska kronor
2026-05-31T13:27:46+00:00,Danske Bank,NZD/SEK,NZD,SEK,5.4794,5.5676,5.5235,0.0882,5.4794,5.5676,1,2026-05-29,Nya Zeeländska dollar
2026-05-31T13:27:46+00:00,Danske Bank,PLN/SEK,PLN,SEK,2.5164,2.5782,2.5473,0.0618,2.5164,2.5782,1,2026-05-29,Polska zloty
2026-05-31T13:27:46+00:00,Danske Bank,SGD/SEK,SGD,SEK,7.2057,7.2892,7.24745,0.0835,7.2057,7.2892,1,2026-05-29,Singapore dollar
2026-05-31T13:27:46+00:00,Danske Bank,THB/SEK,THB,SEK,0.27792,0.29113,0.284525,0.01321,0.27792,0.29113,1,2026-05-29,Thailändska baht
2026-05-31T13:27:46+00:00,Danske Bank,TRY/SEK,TRY,SEK,0.18377,0.21988,0.201825,0.03611,0.18377,0.21988,1,2026-05-29,Turkiska lira
2026-05-31T13:27:46+00:00,Danske Bank,USD/SEK,USD,SEK,9.1935,9.3272,9.26035,0.1337,9.1935,9.3272,1,2026-05-29,Amerikanska dollar
2026-05-31T13:27:46+00:00,Danske Bank,ZAR/SEK,ZAR,SEK,0.56064,0.58116,0.5709,0.02052,0.56064,0.58116,1,2026-05-29,Sydafrikanska rand
2026-05-31T13:27:46+00:00,Handelsbanken,EUR/SEK,EUR,SEK,,,10.7792,,10.7767,10.7817,1,,EUR/SEK Spot
2026-05-31T13:27:46+00:00,Handelsbanken,USD/SEK,USD,SEK,,,9.2446,,9.2285,9.2607,1,,USD/SEK Spot
2026-05-31T13:27:46+00:00,Handelsbanken,GBP/SEK,GBP,SEK,,,12.4331,,12.4281,12.4381,1,,GBP/SEK Spot
2026-05-31T13:27:46+00:00,Handelsbanken,JPY/SEK,JPY,SEK,,,5.802,,5.797,5.807,1,,JPY/SEK Spot
2026-05-31T13:27:46+00:00,Handelsbanken,CHF/SEK,CHF,SEK,,,11.8325,,11.8275,11.8375,1,,CHF/SEK Spot
2026-05-31T13:27:46+00:00,Handelsbanken,NOK/SEK,NOK,SEK,,,0.9991,,0.9986,0.9996,1,,NOK/SEK Spot
2026-05-31T13:27:46+00:00,Handelsbanken,DKK/SEK,DKK,SEK,,,1.4417,,1.4412,1.4422,1,,DKK/SEK Spot
2026-05-31T13:27:46+00:00,Handelsbanken,CAD/SEK,CAD,SEK,,,6.6984,,6.6934,6.7034,1,,CAD/SEK Spot
2026-05-31T13:27:46+00:00,Handelsbanken,AUD/SEK,AUD,SEK,,,6.6388,,6.6383,6.6393,1,,AUD/SEK Spot
2026-05-31T13:27:46+00:00,Handelsbanken,NZD/SEK,NZD,SEK,,,5.5341,,5.5336,5.5346,1,,NZD/SEK Spot
2026-06-01T08:28:10+00:00,DNB,NOK/SEK,NOK,SEK,0.9928,1.0068000000000001,0.9998,0.014,99.28,100.68,100,2026-06-01,Norge
2026-06-01T08:28:10+00:00,DNB,USD/SEK,USD,SEK,9.186,9.292,9.239,0.106,9.186,9.292,1,2026-06-01,USA
2026-06-01T08:28:10+00:00,DNB,EUR/SEK,EUR,SEK,10.717,10.842,10.7795,0.125,10.717,10.842,1,2026-06-01,Europeiska unionen
2026-06-01T08:28:10+00:00,DNB,DKK/SEK,DKK,SEK,1.4344,1.4494,1.4419,0.015,143.44,144.94,100,2026-06-01,Danmark
2026-06-01T08:28:10+00:00,DNB,GBP/SEK,GBP,SEK,12.3782,12.5242,12.4512,0.146,12.3782,12.5242,1,2026-06-01,Storbritannien
2026-06-01T08:28:10+00:00,DNB,CHF/SEK,CHF,SEK,11.761600000000001,11.8736,11.8176,0.112,1176.16,1187.36,100,2026-06-01,Schweiz
2026-06-01T08:28:10+00:00,DNB,JPY/SEK,JPY,SEK,0.057464,0.058464,0.057964,0.001,5.7464,5.8464,100,2026-06-01,Japan
2026-06-01T08:28:10+00:00,DNB,AED/SEK,AED,SEK,2.4945,2.5385,2.5165,0.044,2.4945,2.5385,1,2026-06-01,Arabemirater
2026-06-01T08:28:10+00:00,DNB,AUD/SEK,AUD,SEK,6.596,6.681,6.6385,0.085,6.596,6.681,1,2026-06-01,Australien
2026-06-01T08:28:10+00:00,DNB,BHD/SEK,BHD,SEK,24.336,24.736,24.536,0.4,24.336,24.736,1,2026-06-01,Bahrain
2026-06-01T08:28:10+00:00,DNB,BWP/SEK,BWP,SEK,0.713,0.743,0.728,0.03,0.713,0.743,1,2026-06-01,Botswana
2026-06-01T08:28:10+00:00,DNB,PHP/SEK,PHP,SEK,0.1472,0.15259999999999999,0.1499,0.0054,14.72,15.26,100,2026-06-01,Filippinerna
2026-06-01T08:28:10+00:00,DNB,HKD/SEK,HKD,SEK,1.1672,1.1912,1.1792,0.024,1.1672,1.1912,1,2026-06-01,Hong Kong
2026-06-01T08:28:10+00:00,DNB,INR/SEK,INR,SEK,0.0952,0.0996,0.0974,0.0044,0.0952,0.0996,1,2026-06-01,Indien
2026-06-01T08:28:10+00:00,DNB,IDR/SEK,IDR,SEK,0.0005059999999999999,0.00053,0.000518,2.4e-05,0.0506,0.053,100,2026-06-01,Indonesien
2026-06-01T08:28:10+00:00,DNB,ISK/SEK,ISK,SEK,0.074156,0.076756,0.075456,0.0026,7.4156,7.6756,100,2026-06-01,Island
2026-06-01T08:28:10+00:00,DNB,ILS/SEK,ILS,SEK,3.2644,3.3244,3.2944,0.06,3.2644,3.3244,1,2026-06-01,Israel
2026-06-01T08:28:10+00:00,DNB,CAD/SEK,CAD,SEK,6.6508,6.7408,6.6958,0.09,6.6508,6.7408,1,2026-06-01,Kanada
2026-06-01T08:28:10+00:00,DNB,KES/SEK,KES,SEK,0.07034699999999999,0.073347,0.071847,0.003,7.0347,7.3347,100,2026-06-01,Kenya
2026-06-01T08:28:10+00:00,DNB,CNH/SEK,CNH,SEK,1.3506,1.3806,1.3656,0.03,135.06,138.06,100,2026-06-01,Kina
2026-06-01T08:28:10+00:00,DNB,CNY/SEK,CNY,SEK,1.3513,1.3813,1.3663,0.03,135.13,138.13,100,2026-06-01,Kina
2026-06-01T08:28:10+00:00,DNB,KWD/SEK,KWD,SEK,29.9728,30.4728,30.2228,0.5,29.9728,30.4728,1,2026-06-01,Kuwait
2026-06-01T08:28:10+00:00,DNB,MAD/SEK,MAD,SEK,0.9862000000000001,1.0302,1.0082,0.044,98.62,103.02,100,2026-06-01,Marocko
2026-06-01T08:28:10+00:00,DNB,MXN/SEK,MXN,SEK,0.5266,0.5406,0.5336,0.014,52.66,54.06,100,2026-06-01,Mexiko
2026-06-01T08:28:10+00:00,DNB,NZD/SEK,NZD,SEK,5.4779,5.5599,5.5189,0.082,5.4779,5.5599,1,2026-06-01,Nya Zeeland
2026-06-01T08:28:10+00:00,DNB,OMR/SEK,OMR,SEK,23.83,24.23,24.03,0.4,23.83,24.23,1,2026-06-01,Oman
2026-06-01T08:28:10+00:00,DNB,PKR/SEK,PKR,SEK,0.0325,0.0341,0.0333,0.0016,0.0325,0.0341,1,2026-06-01,Pakistan
2026-06-01T08:28:10+00:00,DNB,PLN/SEK,PLN,SEK,2.5251,2.5701,2.5476,0.045,252.51,257.01,100,2026-06-01,Polen
2026-06-01T08:28:10+00:00,DNB,QAR/SEK,QAR,SEK,2.5146,2.5586,2.5366,0.044,2.5146,2.5586,1,2026-06-01,Qatar
2026-06-01T08:28:10+00:00,DNB,RON/SEK,RON,SEK,2.0288999999999997,2.0809,2.0549,0.052,202.89,208.09,100,2026-06-01,Rum‰nien
2026-06-01T08:28:10+00:00,DNB,SAR/SEK,SAR,SEK,2.4425,2.4825,2.4625,0.04,2.4425,2.4825,1,2026-06-01,Saudiarabien
2026-06-01T08:28:10+00:00,DNB,SGD/SEK,SGD,SEK,7.1952,7.2792,7.2372,0.084,7.1952,7.2792,1,2026-06-01,Singapore
2026-06-01T08:28:10+00:00,DNB,LKR/SEK,LKR,SEK,0.027200000000000002,0.0288,0.028,0.0016,2.72,2.88,100,2026-06-01,Sri Lanka
2026-06-01T08:28:10+00:00,DNB,ZAR/SEK,ZAR,SEK,0.5561,0.5821,0.5691,0.026,0.5561,0.5821,1,2026-06-01,Sydafrika
2026-06-01T08:28:10+00:00,DNB,KRW/SEK,KRW,SEK,0.006045,0.0062450000000000006,0.006145,0.0002,0.6045,0.6245,100,2026-06-01,Sydkorea
2026-06-01T08:28:10+00:00,DNB,TZS/SEK,TZS,SEK,0.003485,0.0036249999999999998,0.003555,0.00014,0.3485,0.3625,100,2026-06-01,Tanzania
2026-06-01T08:28:10+00:00,DNB,THB/SEK,THB,SEK,0.2805,0.2875,0.284,0.007,28.05,28.75,100,2026-06-01,Thailand
2026-06-01T08:28:10+00:00,DNB,CZK/SEK,CZK,SEK,0.44049999999999995,0.4471,0.4438,0.0066,44.05,44.71,100,2026-06-01,Tjeckien
2026-06-01T08:28:10+00:00,DNB,TND/SEK,TND,SEK,3.1694,3.2694,3.2194,0.1,3.1694,3.2694,1,2026-06-01,Tunisien
2026-06-01T08:28:10+00:00,DNB,TRY/SEK,TRY,SEK,0.19649999999999998,0.2065,0.2015,0.01,19.65,20.65,100,2026-06-01,Turkiet
2026-06-01T08:28:10+00:00,DNB,HUF/SEK,HUF,SEK,0.03012,0.03082,0.03047,0.0007,3.012,3.082,100,2026-06-01,Ungern
2026-06-01T08:28:10+00:00,Nordea,AED/SEK,AED,SEK,2.4826,2.5508,2.5167,0.0682,2.4826,2.5508,1,2026-06-01,
2026-06-01T08:28:10+00:00,Nordea,AUD/SEK,AUD,SEK,6.5736,6.7039,6.63875,0.1303,6.5736,6.7039,1,2026-06-01,
2026-06-01T08:28:10+00:00,Nordea,BDT/SEK,BDT,SEK,0.072915,0.077768,0.075342,0.004853,0.072915,0.077768,1,2026-06-01,
2026-06-01T08:28:10+00:00,Nordea,BHD/SEK,BHD,SEK,24.1809,24.8549,24.5179,0.674,24.1809,24.8549,1,2026-06-01,
2026-06-01T08:28:10+00:00,Nordea,CAD/SEK,CAD,SEK,6.6245,6.7558,6.69015,0.1313,6.6245,6.7558,1,2026-06-01,
2026-06-01T08:28:10+00:00,Nordea,CHF/SEK,CHF,SEK,11.6858,11.9175,11.80165,0.2317,11.6858,11.9175,1,2026-06-01,
2026-06-01T08:28:10+00:00,Nordea,CNH/SEK,CNH,SEK,1.348,1.385,1.3665,0.037,1.348,1.385,1,2026-06-01,
2026-06-01T08:28:10+00:00,Nordea,CNY/SEK,CNY,SEK,1.33881,1.39385,1.36633,0.05504,1.33881,1.39385,1,2026-06-01,
2026-06-01T08:28:10+00:00,Nordea,CZK/SEK,CZK,SEK,0.43927,0.44815,0.44371,0.00888,0.43927,0.44815,1,2026-06-01,
2026-06-01T08:28:10+00:00,Nordea,DKK/SEK,DKK,SEK,1.42792,1.45627,1.442095,0.02835,1.42792,1.45627,1,2026-06-01,
2026-06-01T08:28:10+00:00,Nordea,EGP/SEK,EGP,SEK,0.1716,0.1826,0.1771,0.011,0.1716,0.1826,1,2026-06-01,
2026-06-01T08:28:10+00:00,Nordea,EUR/SEK,EUR,SEK,10.6729,10.8849,10.7789,0.212,10.6729,10.8849,1,2026-06-01,
2026-06-01T08:28:10+00:00,Nordea,GBP/SEK,GBP,SEK,12.3291,12.5734,12.45125,0.2443,12.3291,12.5734,1,2026-06-01,
2026-06-01T08:28:10+00:00,Nordea,GIP/SEK,GIP,SEK,12.321757,12.580291,12.451024,0.258534,12.321757,12.580291,1,2026-06-01,
2026-06-01T08:28:10+00:00,Nordea,HKD/SEK,HKD,SEK,1.16347,1.19543,1.17945,0.03196,1.16347,1.19543,1,2026-06-01,
2026-06-01T08:28:10+00:00,Nordea,HUF/SEK,HUF,SEK,0.030151,0.030765,0.030458,0.000614,0.030151,0.030765,1,2026-06-01,
2026-06-01T08:28:10+00:00,Nordea,IDR/SEK,IDR,SEK,0.0005065,0.0005278,0.000517,2.1e-05,0.0005065,0.0005278,1,2026-06-01,
2026-06-01T08:28:10+00:00,Nordea,ILS/SEK,ILS,SEK,3.2417,3.3324,3.28705,0.0907,3.2417,3.3324,1,2026-06-01,
2026-06-01T08:28:10+00:00,Nordea,INR/SEK,INR,SEK,0.09547,0.09939,0.09743,0.00392,0.09547,0.09939,1,2026-06-01,
2026-06-01T08:28:10+00:00,Nordea,ISK/SEK,ISK,SEK,0.0736,0.0767,0.07515,0.0031,0.0736,0.0767,1,2026-06-01,
2026-06-01T08:28:10+00:00,Nordea,JPY/SEK,JPY,SEK,0.057405,0.058542,0.057973,0.001137,0.057405,0.058542,1,2026-06-01,
2026-06-01T08:28:10+00:00,Nordea,KES/SEK,KES,SEK,0.0699,0.0729,0.0714,0.003,0.0699,0.0729,1,2026-06-01,
2026-06-01T08:28:10+00:00,Nordea,KRW/SEK,KRW,SEK,0.006023,0.006246,0.006134,0.000223,0.006023,0.006246,1,2026-06-01,
2026-06-01T08:28:10+00:00,Nordea,KWD/SEK,KWD,SEK,29.4508,30.3027,29.87675,0.8519,29.4508,30.3027,1,2026-06-01,
2026-06-01T08:28:10+00:00,Nordea,KZT/SEK,KZT,SEK,0.018504,0.019265,0.018884,0.000761,0.018504,0.019265,1,2026-06-01,
2026-06-01T08:28:10+00:00,Nordea,LKR/SEK,LKR,SEK,0.027129,0.028856,0.027993,0.001727,0.027129,0.028856,1,2026-06-01,
2026-06-01T08:28:10+00:00,Nordea,MAD/SEK,MAD,SEK,0.9871,1.0281,1.0076,0.041,0.9871,1.0281,1,2026-06-01,
2026-06-01T08:28:10+00:00,Nordea,MXN/SEK,MXN,SEK,0.5265,0.54099,0.533745,0.01449,0.5265,0.54099,1,2026-06-01,
2026-06-01T08:28:10+00:00,Nordea,MYR/SEK,MYR,SEK,2.3057,2.3568,2.33125,0.0511,2.3057,2.3568,1,2026-06-01,
2026-06-01T08:28:10+00:00,Nordea,NOK/SEK,NOK,SEK,0.99131,1.01099,1.00115,0.01968,0.99131,1.01099,1,2026-06-01,
2026-06-01T08:28:10+00:00,Nordea,NZD/SEK,NZD,SEK,5.462,5.5706,5.5163,0.1086,5.462,5.5706,1,2026-06-01,
2026-06-01T08:28:10+00:00,Nordea,PEN/SEK,PEN,SEK,2.65264,2.763345,2.707993,0.110705,2.65264,2.763345,1,2026-06-01,
2026-06-01T08:28:10+00:00,Nordea,PHP/SEK,PHP,SEK,0.1467,0.1528,0.14975,0.0061,0.1467,0.1528,1,2026-06-01,
2026-06-01T08:28:10+00:00,Nordea,PKR/SEK,PKR,SEK,0.0322,0.0342,0.0332,0.002,0.0322,0.0342,1,2026-06-01,
2026-06-01T08:28:10+00:00,Nordea,PLN/SEK,PLN,SEK,2.52066,2.57087,2.545765,0.05021,2.52066,2.57087,1,2026-06-01,
2026-06-01T08:28:10+00:00,Nordea,QAR/SEK,QAR,SEK,2.4838,2.5872,2.5355,0.1034,2.4838,2.5872,1,2026-06-01,
2026-06-01T08:28:10+00:00,Nordea,RON/SEK,RON,SEK,2.0309,2.0718,2.05135,0.0409,2.0309,2.0718,1,2026-06-01,
2026-06-01T08:28:10+00:00,Nordea,RSD/SEK,RSD,SEK,0.089846,0.093716,0.091781,0.00387,0.089846,0.093716,1,2026-06-01,
2026-06-01T08:28:10+00:00,Nordea,SAR/SEK,SAR,SEK,2.4297,2.4966,2.46315,0.0669,2.4297,2.4966,1,2026-06-01,
2026-06-01T08:28:10+00:00,Nordea,SGD/SEK,SGD,SEK,7.1663,7.3083,7.2373,0.142,7.1663,7.3083,1,2026-06-01,
2026-06-01T08:28:10+00:00,Nordea,THB/SEK,THB,SEK,0.28,0.28772,0.28386,0.00772,0.28,0.28772,1,2026-06-01,
2026-06-01T08:28:10+00:00,Nordea,TND/SEK,TND,SEK,3.1182,3.2573,3.18775,0.1391,3.1182,3.2573,1,2026-06-01,
2026-06-01T08:28:10+00:00,Nordea,TRY/SEK,TRY,SEK,0.1971,0.2052,0.20115,0.0081,0.1971,0.2052,1,2026-06-01,
2026-06-01T08:28:10+00:00,Nordea,USD/SEK,USD,SEK,9.1533,9.3344,9.24385,0.1811,9.1533,9.3344,1,2026-06-01,
2026-06-01T08:28:10+00:00,Nordea,ZAR/SEK,ZAR,SEK,0.56324,0.57509,0.569165,0.01185,0.56324,0.57509,1,2026-06-01,
2026-06-01T08:28:10+00:00,SEB,AUD/SEK,AUD,SEK,6.5971,6.6772,6.63715,0.0801,6.5971,6.6772,1,2026-06-01,Australien
2026-06-01T08:28:10+00:00,SEB,DKK/SEK,DKK,SEK,1.43395,1.44995,1.44195,0.016,1.43395,1.44995,1,2026-06-01,Danmark
2026-06-01T08:28:10+00:00,SEB,EUR/SEK,EUR,SEK,10.7063,10.8463,10.7763,0.14,10.7063,10.8463,1,2026-06-01,Euro
2026-06-01T08:28:10+00:00,SEB,HKD/SEK,HKD,SEK,1.1664,1.1926,1.1795,0.0262,1.1664,1.1926,1,2026-06-01,Hongkong
2026-06-01T08:28:10+00:00,SEB,INR/SEK,INR,SEK,0.094242,0.100442,0.097342,0.0062,0.094242,0.100442,1,2026-06-01,Indien
2026-06-01T08:28:10+00:00,SEB,IDR/SEK,IDR,SEK,0.000506,0.000539,0.000522,3.3e-05,0.000506,0.000539,1,2026-06-01,Indonesien
2026-06-01T08:28:10+00:00,SEB,ISK/SEK,ISK,SEK,0.074977,0.075317,0.075147,0.00034,0.074977,0.075317,1,2026-06-01,Island
2026-06-01T08:28:10+00:00,SEB,JPY/SEK,JPY,SEK,0.057504,0.058444,0.057974,0.00094,0.057504,0.058444,1,2026-06-01,Japan
2026-06-01T08:28:10+00:00,SEB,CAD/SEK,CAD,SEK,6.6478,6.7338,6.6908,0.086,6.6478,6.7338,1,2026-06-01,Kanada
2026-06-01T08:28:10+00:00,SEB,CNY/SEK,CNY,SEK,1.3563,1.3764,1.36635,0.0201,1.3563,1.3764,1,2026-06-01,Kina
2026-06-01T08:28:10+00:00,SEB,HRK/SEK,HRK,SEK,1.420271,1.440271,1.430271,0.02,1.420271,1.440271,1,2026-12-11,Kroatien
2026-06-01T08:28:10+00:00,SEB,MYR/SEK,MYR,SEK,2.316451,2.346451,2.331451,0.03,2.316451,2.346451,1,2026-06-01,Malaysia
2026-06-01T08:28:10+00:00,SEB,MAD/SEK,MAD,SEK,0.9894,1.0241,1.00675,0.0347,0.9894,1.0241,1,2026-06-01,Marocko
2026-06-01T08:28:10+00:00,SEB,MXN/SEK,MXN,SEK,0.5267,0.5408,0.53375,0.0141,0.5267,0.5408,1,2026-06-01,Mexiko
2026-06-01T08:28:10+00:00,SEB,NOK/SEK,NOK,SEK,0.99328,1.00628,0.99978,0.013,0.99328,1.00628,1,2026-06-01,Norge
2026-06-01T08:28:10+00:00,SEB,NZD/SEK,NZD,SEK,5.4754,5.5574,5.5164,0.082,5.4754,5.5574,1,2026-06-01,Nya Zeeland
2026-06-01T08:28:10+00:00,SEB,PLN/SEK,PLN,SEK,2.5258,2.5658,2.5458,0.04,2.5258,2.5658,1,2026-06-01,Polen
2026-06-01T08:28:10+00:00,SEB,RUB/SEK,RUB,SEK,0.12656,0.13094,0.12875,0.00438,0.12656,0.13094,1,2026-06-01,Ryssland
2026-06-01T08:28:10+00:00,SEB,SAR/SEK,SAR,SEK,2.4311,2.4953,2.4632,0.0642,2.4311,2.4953,1,2026-06-01,Saudiarabien
2026-06-01T08:28:10+00:00,SEB,CHF/SEK,CHF,SEK,11.7462,11.8582,11.8022,0.112,11.7462,11.8582,1,2026-06-01,Schweiz
2026-06-01T08:28:10+00:00,SEB,SGD/SEK,SGD,SEK,7.2007,7.2722,7.23645,0.0715,7.2007,7.2722,1,2026-06-01,Singapore
2026-06-01T08:28:10+00:00,SEB,GBP/SEK,GBP,SEK,12.3793,12.5194,12.44935,0.1401,12.3793,12.5194,1,2026-06-01,Storbritannien
2026-06-01T08:28:10+00:00,SEB,ZAR/SEK,ZAR,SEK,0.56,0.5781,0.56905,0.0181,0.56,0.5781,1,2026-06-01,Sydafrika
2026-06-01T08:28:10+00:00,SEB,KRW/SEK,KRW,SEK,0.006021,0.006193,0.006107,0.000172,0.006021,0.006193,1,2026-06-01,Sydkorea
2026-06-01T08:28:10+00:00,SEB,THB/SEK,THB,SEK,0.2808,0.2867,0.28375,0.0059,0.2808,0.2867,1,2026-06-01,Thailand
2026-06-01T08:28:10+00:00,SEB,CZK/SEK,CZK,SEK,0.44038,0.44698,0.44368,0.0066,0.44038,0.44698,1,2026-06-01,Tjeckien
2026-06-01T08:28:10+00:00,SEB,TRY/SEK,TRY,SEK,0.1668,0.2356,0.2012,0.0688,0.1668,0.2356,1,2026-06-01,Turkiet
2026-06-01T08:28:10+00:00,SEB,HUF/SEK,HUF,SEK,0.030078,0.030839,0.030458,0.000761,0.030078,0.030839,1,2026-06-01,Ungern
2026-06-01T08:28:10+00:00,SEB,USD/SEK,USD,SEK,9.1767,9.3117,9.2442,0.135,9.1767,9.3117,1,2026-06-01,USA
2026-06-01T08:28:10+00:00,Danske Bank,AUD/SEK,AUD,SEK,6.5819,6.6705,6.6262,0.0886,6.5819,6.6705,1,2026-05-29,Australiensiska dollar
2026-06-01T08:28:10+00:00,Danske Bank,BRL/SEK,BRL,SEK,1.7853,1.8861,1.8357,0.1008,1.7853,1.8861,1,2026-05-29,Brasilianska real
2026-06-01T08:28:10+00:00,Danske Bank,CAD/SEK,CAD,SEK,6.6624,6.7505,6.70645,0.0881,6.6624,6.7505,1,2026-05-29,Kanadensiska dollar
2026-06-01T08:28:10+00:00,Danske Bank,CHF/SEK,CHF,SEK,11.7515,11.888,11.81975,0.1365,11.7515,11.888,1,2026-05-29,Schweiziska franc
2026-06-01T08:28:10+00:00,Danske Bank,CNY/SEK,CNY,SEK,1.353,1.3837,1.36835,0.0307,1.353,1.3837,1,2026-05-29,Kinesiska yuan
2026-06-01T08:28:10+00:00,Danske Bank,CZK/SEK,CZK,SEK,0.43922,0.44854,0.44388,0.00932,0.43922,0.44854,1,2026-05-29,Tjeckiska koruna
2026-06-01T08:28:10+00:00,Danske Bank,DKK/SEK,DKK,SEK,1.4343,1.4509,1.4426,0.0166,1.4343,1.4509,1,2026-05-29,Danska kronor
2026-06-01T08:28:10+00:00,Danske Bank,EUR/SEK,EUR,SEK,10.7134,10.8475,10.78045,0.1341,10.7134,10.8475,1,2026-05-29,Euro
2026-06-01T08:28:10+00:00,Danske Bank,GBP/SEK,GBP,SEK,12.3519,12.4977,12.4248,0.1458,12.3519,12.4977,1,2026-05-29,Pound sterling
2026-06-01T08:28:10+00:00,Danske Bank,HKD/SEK,HKD,SEK,1.1696,1.1942,1.1819,0.0246,1.1696,1.1942,1,2026-05-29,Hong Kong dollar
2026-06-01T08:28:10+00:00,Danske Bank,HUF/SEK,HUF,SEK,0.029903,0.030951,0.030427,0.001048,0.029903,0.030951,1,2026-05-29,Ungerska forint
2026-06-01T08:28:10+00:00,Danske Bank,ILS/SEK,ILS,SEK,3.2259,3.3848,3.30535,0.1589,3.2259,3.3848,1,2026-05-29,Israelska new shekel
2026-06-01T08:28:10+00:00,Danske Bank,INR/SEK,INR,SEK,0.094145,0.100805,0.097475,0.00666,0.094145,0.100805,1,2026-05-29,Indiska rupees
2026-06-01T08:28:10+00:00,Danske Bank,JPY/SEK,JPY,SEK,0.057618,0.058646,0.058132,0.001028,0.057618,0.058646,1,2026-05-29,Japanska yen
2026-06-01T08:28:10+00:00,Danske Bank,NOK/SEK,NOK,SEK,0.9943,1.0091,1.0017,0.0148,0.9943,1.0091,1,2026-05-29,Norska kronor
2026-06-01T08:28:10+00:00,Danske Bank,NZD/SEK,NZD,SEK,5.4794,5.5676,5.5235,0.0882,5.4794,5.5676,1,2026-05-29,Nya Zeeländska dollar
2026-06-01T08:28:10+00:00,Danske Bank,PLN/SEK,PLN,SEK,2.5164,2.5782,2.5473,0.0618,2.5164,2.5782,1,2026-05-29,Polska zloty
2026-06-01T08:28:10+00:00,Danske Bank,SGD/SEK,SGD,SEK,7.2057,7.2892,7.24745,0.0835,7.2057,7.2892,1,2026-05-29,Singapore dollar
2026-06-01T08:28:10+00:00,Danske Bank,THB/SEK,THB,SEK,0.27792,0.29113,0.284525,0.01321,0.27792,0.29113,1,2026-05-29,Thailändska baht
2026-06-01T08:28:10+00:00,Danske Bank,TRY/SEK,TRY,SEK,0.18377,0.21988,0.201825,0.03611,0.18377,0.21988,1,2026-05-29,Turkiska lira
2026-06-01T08:28:10+00:00,Danske Bank,USD/SEK,USD,SEK,9.1935,9.3272,9.26035,0.1337,9.1935,9.3272,1,2026-05-29,Amerikanska dollar
2026-06-01T08:28:10+00:00,Danske Bank,ZAR/SEK,ZAR,SEK,0.56064,0.58116,0.5709,0.02052,0.56064,0.58116,1,2026-05-29,Sydafrikanska rand
2026-06-01T08:28:10+00:00,Handelsbanken,EUR/SEK,EUR,SEK,,,10.7757,,10.7737,10.7777,1,,EUR/SEK Spot
2026-06-01T08:28:10+00:00,Handelsbanken,USD/SEK,USD,SEK,,,9.2441,,9.2426,9.2455,1,,USD/SEK Spot
2026-06-01T08:28:10+00:00,Handelsbanken,GBP/SEK,GBP,SEK,,,12.4451,,12.4401,12.4501,1,,GBP/SEK Spot
2026-06-01T08:28:10+00:00,Handelsbanken,JPY/SEK,JPY,SEK,,,5.797,,5.792,5.802,1,,JPY/SEK Spot
2026-06-01T08:28:10+00:00,Handelsbanken,CHF/SEK,CHF,SEK,,,11.8052,,11.8002,11.8102,1,,CHF/SEK Spot
2026-06-01T08:28:10+00:00,Handelsbanken,NOK/SEK,NOK,SEK,,,1.001,,1.0005,1.0015,1,,NOK/SEK Spot
2026-06-01T08:28:10+00:00,Handelsbanken,DKK/SEK,DKK,SEK,,,1.4419,,1.4414,1.4424,1,,DKK/SEK Spot
2026-06-01T08:28:10+00:00,Handelsbanken,CAD/SEK,CAD,SEK,,,6.6908,,6.6858,6.6958,1,,CAD/SEK Spot
2026-06-01T08:28:10+00:00,Handelsbanken,AUD/SEK,AUD,SEK,,,6.6373,,6.6368,6.6378,1,,AUD/SEK Spot
2026-06-01T08:28:10+00:00,Handelsbanken,NZD/SEK,NZD,SEK,,,5.5168,,5.5163,5.5173,1,,NZD/SEK Spot
