pair,base_currency,quote_currency,quoted_per_units,bid_per_unit,ask_per_unit,ask_sek_per_fx,bid_sek_per_fx,ask_timestamp,bid_timestamp
AED/SEK,AED,SEK,1,2.532,2.6016,2.6016,2.532,2026-06-12T10:50:42.894457Z,2026-06-12T10:50:42.894457Z
AUD/SEK,AUD,SEK,1,6.5778,6.7082,6.7082,6.5778,2026-06-12T10:50:42.869278Z,2026-06-12T10:50:42.869278Z
BDT/SEK,BDT,SEK,1,0.074233,0.079186,0.079186,0.074233,2026-06-12T10:50:42.872464Z,2026-06-12T10:50:42.872464Z
BHD/SEK,BHD,SEK,1,24.6582,25.3462,25.3462,24.6582,2026-06-12T10:50:42.893420Z,2026-06-12T10:50:42.893420Z
CAD/SEK,CAD,SEK,1,6.6777,6.8101,6.8101,6.6777,2026-06-12T10:50:42.902061Z,2026-06-12T10:50:42.902061Z
CHF/SEK,CHF,SEK,1,11.7314,11.9641,11.9641,11.7314,2026-06-12T10:50:42.871788Z,2026-06-12T10:50:42.871788Z
CNH/SEK,CNH,SEK,1,1.3752,1.413,1.413,1.3752,2026-06-12T10:50:42.912421Z,2026-06-12T10:50:42.912421Z
CNY/SEK,CNY,SEK,1,1.36606,1.42226,1.42226,1.36606,2026-06-12T10:50:42.894154Z,2026-06-12T10:50:42.894154Z
CZK/SEK,CZK,SEK,1,0.44698,0.45601,0.45601,0.44698,2026-06-12T10:50:42.870930Z,2026-06-12T10:50:42.870930Z
DKK/SEK,DKK,SEK,1,1.44598,1.47468,1.47468,1.44598,2026-06-12T10:50:42.891762Z,2026-06-12T10:50:42.891762Z
EGP/SEK,EGP,SEK,1,0.1758,0.187,0.187,0.1758,2026-06-12T10:50:42.871650Z,2026-06-12T10:50:42.871650Z
EUR/SEK,EUR,SEK,1,10.7978,11.0119,11.0119,10.7978,2026-06-12T10:10:34.545413Z,2026-06-12T10:10:34.545413Z
GBP/SEK,GBP,SEK,1,12.5248,12.773,12.773,12.5248,2026-06-12T10:50:42.893720Z,2026-06-12T10:50:42.893720Z
GIP/SEK,GIP,SEK,1,12.517288,12.779905,12.779905,12.517288,2026-06-12T10:50:42.892606Z,2026-06-12T10:50:42.892606Z
HKD/SEK,HKD,SEK,1,1.18697,1.21957,1.21957,1.18697,2026-06-12T10:50:42.873240Z,2026-06-12T10:50:42.873240Z
HUF/SEK,HUF,SEK,1,0.030639,0.031263,0.031263,0.030639,2026-06-12T10:50:42.908499Z,2026-06-12T10:50:42.908499Z
IDR/SEK,IDR,SEK,1,0.0005169,0.0005383,0.0005383,0.0005169,2026-06-12T10:50:42.911695Z,2026-06-12T10:50:42.911695Z
ILS/SEK,ILS,SEK,1,3.1888,3.2781,3.2781,3.1888,2026-06-12T10:50:42.872566Z,2026-06-12T10:50:42.872566Z
INR/SEK,INR,SEK,1,0.09713,0.10112,0.10112,0.09713,2026-06-12T10:50:42.892717Z,2026-06-12T10:50:42.892717Z
ISK/SEK,ISK,SEK,1,0.0743,0.0775,0.0775,0.0743,2026-06-12T10:50:42.873332Z,2026-06-12T10:50:42.873332Z
JPY/SEK,JPY,SEK,1,0.058247,0.0594,0.0594,0.058247,2026-06-12T10:13:11.163789Z,2026-06-12T10:13:11.163789Z
KES/SEK,KES,SEK,1,0.0712,0.0743,0.0743,0.0712,2026-06-12T10:50:42.909279Z,2026-06-12T10:50:42.909279Z
KRW/SEK,KRW,SEK,1,0.006087,0.006312,0.006312,0.006087,2026-06-12T10:50:42.870118Z,2026-06-12T10:50:42.870118Z
KWD/SEK,KWD,SEK,1,30.1264,31.0041,31.0041,30.1264,2026-06-12T10:50:42.870108Z,2026-06-12T10:50:42.870108Z
KZT/SEK,KZT,SEK,1,0.01889,0.01967,0.01967,0.01889,2026-06-12T10:50:42.924292Z,2026-06-12T10:50:42.924292Z
LKR/SEK,LKR,SEK,1,0.027378,0.029082,0.029082,0.027378,2026-06-12T10:50:42.910211Z,2026-06-12T10:50:42.910211Z
MAD/SEK,MAD,SEK,1,0.9972,1.0386,1.0386,0.9972,2026-06-12T10:50:42.910943Z,2026-06-12T10:50:42.910943Z
MXN/SEK,MXN,SEK,1,0.54051,0.5554,0.5554,0.54051,2026-06-12T10:50:42.912377Z,2026-06-12T10:50:42.912377Z
MYR/SEK,MYR,SEK,1,2.2982,2.3489,2.3489,2.2982,2026-06-12T10:50:42.893471Z,2026-06-12T10:50:42.893471Z
NOK/SEK,NOK,SEK,1,0.97981,0.9993,0.9993,0.97981,2026-06-12T10:50:42.891956Z,2026-06-12T10:50:42.891956Z
NZD/SEK,NZD,SEK,1,5.4454,5.5536,5.5536,5.4454,2026-06-12T10:50:42.910765Z,2026-06-12T10:50:42.910765Z
PEN/SEK,PEN,SEK,1,2.724657,2.837962,2.837962,2.724657,2026-06-12T10:50:42.909085Z,2026-06-12T10:50:42.909085Z
PHP/SEK,PHP,SEK,1,0.1519,0.1582,0.1582,0.1519,2026-06-12T10:50:42.878519Z,2026-06-12T10:50:42.878519Z
PKR/SEK,PKR,SEK,1,0.0328,0.0349,0.0349,0.0328,2026-06-12T10:50:42.911578Z,2026-06-12T10:50:42.911578Z
PLN/SEK,PLN,SEK,1,2.54547,2.59614,2.59614,2.54547,2026-06-12T10:50:42.909849Z,2026-06-12T10:50:42.909849Z
QAR/SEK,QAR,SEK,1,2.5341,2.6381,2.6381,2.5341,2026-06-12T10:50:42.870156Z,2026-06-12T10:50:42.870156Z
RON/SEK,RON,SEK,1,2.0642,2.1056,2.1056,2.0642,2026-06-12T10:50:42.870965Z,2026-06-12T10:50:42.870965Z
RSD/SEK,RSD,SEK,1,0.091023,0.094901,0.094901,0.091023,2026-06-12T10:50:42.891143Z,2026-06-12T10:50:42.891143Z
SAR/SEK,SAR,SEK,1,2.4779,2.5464,2.5464,2.4779,2026-06-12T10:50:42.916002Z,2026-06-12T10:50:42.916002Z
SGD/SEK,SGD,SEK,1,7.2731,7.4172,7.4172,7.2731,2026-06-12T10:50:42.869375Z,2026-06-12T10:50:42.869375Z
THB/SEK,THB,SEK,1,0.28436,0.2922,0.2922,0.28436,2026-06-12T10:50:42.910017Z,2026-06-12T10:50:42.910017Z
TND/SEK,TND,SEK,1,3.1508,3.2881,3.2881,3.1508,2026-06-12T10:50:42.894196Z,2026-06-12T10:50:42.894196Z
TRY/SEK,TRY,SEK,1,0.1995,0.2077,0.2077,0.1995,2026-06-12T10:50:42.890302Z,2026-06-12T10:50:42.890302Z
USD/SEK,USD,SEK,1,9.336,9.5207,9.5207,9.336,2026-06-12T10:50:42.890985Z,2026-06-12T10:50:42.890985Z
ZAR/SEK,ZAR,SEK,1,0.57332,0.58538,0.58538,0.57332,2026-06-12T10:50:42.874047Z,2026-06-12T10:50:42.874047Z
