pair,base_currency,quote_currency,quoted_per_units,bid_per_unit,ask_per_unit,ask_sek_per_fx,bid_sek_per_fx,ask_timestamp,bid_timestamp
AED/SEK,AED,SEK,1,2.5017,2.5708,2.5708,2.5017,2026-05-28T11:37:46.805909987Z,2026-05-28T11:37:46.805910Z
AUD/SEK,AUD,SEK,1,6.566,6.6964,6.6964,6.566,2026-05-28T11:37:46.786930410Z,2026-05-28T11:37:46.786930Z
BDT/SEK,BDT,SEK,1,0.073402,0.078272,0.078272,0.073402,2026-05-28T11:37:46.787740600Z,2026-05-28T11:37:46.787741Z
BHD/SEK,BHD,SEK,1,24.3704,25.0507,25.0507,24.3704,2026-05-28T11:37:46.807250348Z,2026-05-28T11:37:46.807250Z
CAD/SEK,CAD,SEK,1,6.6607,6.793,6.793,6.6607,2026-05-28T11:37:46.807566230Z,2026-05-28T11:37:46.807566Z
CHF/SEK,CHF,SEK,1,11.6894,11.9217,11.9217,11.6894,2026-05-28T11:37:46.785305254Z,2026-05-28T11:37:46.785305Z
CNH/SEK,CNH,SEK,1,1.3552,1.3925,1.3925,1.3552,2026-05-28T11:37:46.827642624Z,2026-05-28T11:37:46.827643Z
CNY/SEK,CNY,SEK,1,1.3464,1.40168,1.40168,1.3464,2026-05-28T11:37:46.807631317Z,2026-05-28T11:37:46.807631Z
CZK/SEK,CZK,SEK,1,0.4409,0.44983,0.44983,0.4409,2026-05-28T11:37:46.785177924Z,2026-05-28T11:37:46.785178Z
DKK/SEK,DKK,SEK,1,1.43342,1.46187,1.46187,1.43342,2026-05-28T11:37:46.806496843Z,2026-05-28T11:37:46.806497Z
EGP/SEK,EGP,SEK,1,0.1729,0.1839,0.1839,0.1729,2026-05-28T11:37:46.786964811Z,2026-05-28T11:37:46.786965Z
EUR/SEK,EUR,SEK,1,10.7076,10.92,10.92,10.7076,2026-05-28T10:06:55.088529Z,2026-05-28T10:06:55.088529Z
GBP/SEK,GBP,SEK,1,12.3635,12.609,12.609,12.3635,2026-05-28T11:37:46.808361497Z,2026-05-28T11:37:46.808361Z
GIP/SEK,GIP,SEK,1,12.356519,12.616319,12.616319,12.356519,2026-05-28T11:37:46.854195358Z,2026-05-28T11:37:46.854195Z
HKD/SEK,HKD,SEK,1,1.17313,1.2054,1.2054,1.17313,2026-05-28T11:37:46.786168823Z,2026-05-28T11:37:46.786169Z
HUF/SEK,HUF,SEK,1,0.030124,0.030739,0.030739,0.030124,2026-05-28T11:37:46.787394713Z,2026-05-28T11:37:46.787395Z
IDR/SEK,IDR,SEK,1,0.000513,0.0005344,0.0005344,0.000513,2026-05-28T11:37:46.833898004Z,2026-05-28T11:37:46.833898Z
ILS/SEK,ILS,SEK,1,3.2368,3.3272,3.3272,3.2368,2026-05-28T11:37:46.783672346Z,2026-05-28T11:37:46.783672Z
INR/SEK,INR,SEK,1,0.09539,0.09931,0.09931,0.09539,2026-05-28T11:37:46.808424221Z,2026-05-28T11:37:46.808424Z
ISK/SEK,ISK,SEK,1,0.074,0.0771,0.0771,0.074,2026-05-28T11:37:46.786169885Z,2026-05-28T11:37:46.786170Z
JPY/SEK,JPY,SEK,1,0.057855,0.059003,0.059003,0.057855,2026-05-28T11:37:46.806728980Z,2026-05-28T11:37:46.806729Z
KES/SEK,KES,SEK,1,0.0704,0.0735,0.0735,0.0704,2026-05-28T11:37:46.788264462Z,2026-05-28T11:37:46.788264Z
KRW/SEK,KRW,SEK,1,0.006087,0.006312,0.006312,0.006087,2026-05-28T11:37:46.809554178Z,2026-05-28T11:37:46.809554Z
KWD/SEK,KWD,SEK,1,29.653,30.5268,30.5268,29.653,2026-05-28T11:37:46.809130495Z,2026-05-28T11:37:46.809130Z
KZT/SEK,KZT,SEK,1,0.018844,0.019626,0.019626,0.018844,2026-05-28T11:37:46.824926709Z,2026-05-28T11:37:46.824927Z
LKR/SEK,LKR,SEK,1,0.02753,0.029262,0.029262,0.02753,2026-05-28T11:37:46.786548530Z,2026-05-28T11:37:46.786549Z
MAD/SEK,MAD,SEK,1,0.9925,1.036,1.036,0.9925,2026-05-28T11:37:46.816888769Z,2026-05-28T11:37:46.816889Z
MXN/SEK,MXN,SEK,1,0.52832,0.54289,0.54289,0.52832,2026-05-28T11:37:46.825733394Z,2026-05-28T11:37:46.825733Z
MYR/SEK,MYR,SEK,1,2.316,2.3666,2.3666,2.316,2026-05-28T11:37:46.809283093Z,2026-05-28T11:37:46.809283Z
NOK/SEK,NOK,SEK,1,0.9923,1.01206,1.01206,0.9923,2026-05-28T11:37:46.828238554Z,2026-05-28T11:37:46.828239Z
NZD/SEK,NZD,SEK,1,5.4335,5.5417,5.5417,5.4335,2026-05-28T11:37:46.828411953Z,2026-05-28T11:37:46.828412Z
PEN/SEK,PEN,SEK,1,2.669435,2.781196,2.781196,2.669435,2026-05-28T11:37:46.846756682Z,2026-05-28T11:37:46.846757Z
PHP/SEK,PHP,SEK,1,0.1481,0.1543,0.1543,0.1481,2026-05-28T11:37:46.785600675Z,2026-05-28T11:37:46.785601Z
PKR/SEK,PKR,SEK,1,0.0324,0.0345,0.0345,0.0324,2026-05-28T11:37:46.829110156Z,2026-05-28T11:37:46.829110Z
PLN/SEK,PLN,SEK,1,2.53021,2.58059,2.58059,2.53021,2026-05-28T11:37:46.788512442Z,2026-05-28T11:37:46.788512Z
QAR/SEK,QAR,SEK,1,2.5033,2.6074,2.6074,2.5033,2026-05-28T11:37:46.850512259Z,2026-05-28T11:37:46.850512Z
RON/SEK,RON,SEK,1,2.0404,2.0827,2.0827,2.0404,2026-05-28T11:37:46.808747544Z,2026-05-28T11:37:46.808748Z
RSD/SEK,RSD,SEK,1,0.090249,0.094116,0.094116,0.090249,2026-05-28T11:37:46.829212639Z,2026-05-28T11:37:46.829213Z
SAR/SEK,SAR,SEK,1,2.4484,2.5163,2.5163,2.4484,2026-05-28T11:37:46.823363425Z,2026-05-28T11:37:46.823363Z
SGD/SEK,SGD,SEK,1,7.2087,7.3519,7.3519,7.2087,2026-05-28T11:37:46.813016758Z,2026-05-28T11:37:46.813017Z
THB/SEK,THB,SEK,1,0.28097,0.28872,0.28872,0.28097,2026-05-28T11:37:46.824039645Z,2026-05-28T11:37:46.824040Z
TND/SEK,TND,SEK,1,3.1361,3.2921,3.2921,3.1361,2026-05-28T11:37:46.808023643Z,2026-05-28T11:37:46.808024Z
TRY/SEK,TRY,SEK,1,0.1989,0.2071,0.2071,0.1989,2026-05-28T11:37:46.824096270Z,2026-05-28T11:37:46.824096Z
USD/SEK,USD,SEK,1,9.225,9.4079,9.4079,9.225,2026-05-28T11:37:46.833849552Z,2026-05-28T11:37:46.833850Z
ZAR/SEK,ZAR,SEK,1,0.56343,0.57531,0.57531,0.56343,2026-05-28T11:37:46.784849673Z,2026-05-28T11:37:46.784850Z
