pair,base_currency,quote_currency,quoted_per_units,bid_per_unit,ask_per_unit,ask_sek_per_fx,bid_sek_per_fx,ask_timestamp,bid_timestamp
AED/SEK,AED,SEK,1,2.5729,2.6436,2.6436,2.5729,2026-06-18T11:04:18.971928Z,2026-06-18T11:04:18.971928Z
AUD/SEK,AUD,SEK,1,6.6453,6.7771,6.7771,6.6453,2026-06-18T11:04:18.962907Z,2026-06-18T11:04:18.962907Z
BDT/SEK,BDT,SEK,1,0.075398,0.080487,0.080487,0.075398,2026-06-18T11:04:18.962415Z,2026-06-18T11:04:18.962415Z
BHD/SEK,BHD,SEK,1,25.0425,25.7713,25.7713,25.0425,2026-06-18T11:04:18.977505Z,2026-06-18T11:04:18.977505Z
CAD/SEK,CAD,SEK,1,6.716,6.849,6.849,6.716,2026-06-18T11:04:18.970709Z,2026-06-18T11:04:18.970709Z
CHF/SEK,CHF,SEK,1,11.8022,12.0364,12.0364,11.8022,2026-06-18T11:04:18.966146Z,2026-06-18T11:04:18.966146Z
CNH/SEK,CNH,SEK,1,1.395,1.4333,1.4333,1.395,2026-06-18T11:04:18.980158Z,2026-06-18T11:04:18.980158Z
CNY/SEK,CNY,SEK,1,1.38656,1.44354,1.44354,1.38656,2026-06-18T11:04:18.972906Z,2026-06-18T11:04:18.972906Z
CZK/SEK,CZK,SEK,1,0.44944,0.45852,0.45852,0.44944,2026-06-18T11:04:18.963713Z,2026-06-18T11:04:18.963713Z
DKK/SEK,DKK,SEK,1,1.45475,1.48362,1.48362,1.45475,2026-06-18T11:04:18.973884Z,2026-06-18T11:04:18.973884Z
EGP/SEK,EGP,SEK,1,0.186,0.1978,0.1978,0.186,2026-06-18T11:04:18.963841Z,2026-06-18T11:04:18.963841Z
EUR/SEK,EUR,SEK,1,10.8516,11.0667,11.0667,10.8516,2026-06-18T10:19:01.767171Z,2026-06-18T10:19:01.767171Z
GBP/SEK,GBP,SEK,1,12.5394,12.7879,12.7879,12.5394,2026-06-18T11:04:18.978030Z,2026-06-18T11:04:18.978030Z
GIP/SEK,GIP,SEK,1,12.531896,12.794883,12.794883,12.531896,2026-06-18T11:04:19.030511Z,2026-06-18T11:04:19.030511Z
HKD/SEK,HKD,SEK,1,1.2058,1.23892,1.23892,1.2058,2026-06-18T11:04:18.963303Z,2026-06-18T11:04:18.963303Z
HUF/SEK,HUF,SEK,1,0.030796,0.031422,0.031422,0.030796,2026-06-18T11:04:18.962811Z,2026-06-18T11:04:18.962811Z
IDR/SEK,IDR,SEK,1,0.0005297,0.0005522,0.0005522,0.0005297,2026-06-18T11:04:18.984226Z,2026-06-18T11:04:18.984226Z
ILS/SEK,ILS,SEK,1,3.2048,3.2941,3.2941,3.2048,2026-06-18T11:04:18.966716Z,2026-06-18T11:04:18.966716Z
INR/SEK,INR,SEK,1,0.0995,0.1036,0.1036,0.0995,2026-06-18T11:04:18.974904Z,2026-06-18T11:04:18.974904Z
ISK/SEK,ISK,SEK,1,0.0744,0.0776,0.0776,0.0744,2026-06-18T11:04:18.962414Z,2026-06-18T11:04:18.962414Z
JPY/SEK,JPY,SEK,1,0.058946,0.060113,0.060113,0.058946,2026-06-18T11:04:18.971485Z,2026-06-18T11:04:18.971485Z
KES/SEK,KES,SEK,1,0.0724,0.0756,0.0756,0.0724,2026-06-18T11:04:18.962766Z,2026-06-18T11:04:18.962766Z
KRW/SEK,KRW,SEK,1,0.006106,0.006332,0.006332,0.006106,2026-06-18T11:04:18.970644Z,2026-06-18T11:04:18.970644Z
KWD/SEK,KWD,SEK,1,30.6486,31.5311,31.5311,30.6486,2026-06-18T11:04:18.970981Z,2026-06-18T11:04:18.970981Z
KZT/SEK,KZT,SEK,1,0.01924,0.020034,0.020034,0.01924,2026-06-18T11:04:18.979474Z,2026-06-18T11:04:18.979474Z
LKR/SEK,LKR,SEK,1,0.027828,0.029572,0.029572,0.027828,2026-06-18T11:04:18.963379Z,2026-06-18T11:04:18.963379Z
MAD/SEK,MAD,SEK,1,1.0074,1.0496,1.0496,1.0074,2026-06-18T11:04:18.983653Z,2026-06-18T11:04:18.983653Z
MXN/SEK,MXN,SEK,1,0.54453,0.55952,0.55952,0.54453,2026-06-18T11:04:18.981679Z,2026-06-18T11:04:18.981679Z
MYR/SEK,MYR,SEK,1,2.3015,2.3525,2.3525,2.3015,2026-06-18T11:04:18.972142Z,2026-06-18T11:04:18.972142Z
NOK/SEK,NOK,SEK,1,0.97922,0.99887,0.99887,0.97922,2026-06-18T11:04:18.980657Z,2026-06-18T11:04:18.980657Z
NZD/SEK,NZD,SEK,1,5.4634,5.572,5.572,5.4634,2026-06-18T11:04:18.983293Z,2026-06-18T11:04:18.983293Z
PEN/SEK,PEN,SEK,1,2.777161,2.893606,2.893606,2.777161,2026-06-18T11:04:19.025635Z,2026-06-18T11:04:19.025635Z
PHP/SEK,PHP,SEK,1,0.1549,0.1614,0.1614,0.1549,2026-06-18T11:04:18.963147Z,2026-06-18T11:04:18.963147Z
PKR/SEK,PKR,SEK,1,0.0333,0.0355,0.0355,0.0333,2026-06-18T11:04:18.982743Z,2026-06-18T11:04:18.982743Z
PLN/SEK,PLN,SEK,1,2.55296,2.60379,2.60379,2.55296,2026-06-18T11:04:18.963174Z,2026-06-18T11:04:18.963174Z
QAR/SEK,QAR,SEK,1,2.5749,2.6809,2.6809,2.5749,2026-06-18T11:04:19.027997Z,2026-06-18T11:04:19.027997Z
RON/SEK,RON,SEK,1,2.0755,2.1172,2.1172,2.0755,2026-06-18T11:04:18.972818Z,2026-06-18T11:04:18.972818Z
RSD/SEK,RSD,SEK,1,0.091575,0.09552,0.09552,0.091575,2026-06-18T11:04:18.978644Z,2026-06-18T11:04:18.978644Z
SAR/SEK,SAR,SEK,1,2.5177,2.5872,2.5872,2.5177,2026-06-18T11:04:18.980079Z,2026-06-18T11:04:18.980079Z
SGD/SEK,SGD,SEK,1,7.3493,7.495,7.495,7.3493,2026-06-18T11:04:18.972610Z,2026-06-18T11:04:18.972610Z
THB/SEK,THB,SEK,1,0.28808,0.29628,0.29628,0.28808,2026-06-18T11:04:18.982298Z,2026-06-18T11:04:18.982298Z
TND/SEK,TND,SEK,1,3.1739,3.3262,3.3262,3.1739,2026-06-18T11:04:18.972378Z,2026-06-18T11:04:18.972378Z
TRY/SEK,TRY,SEK,1,0.202,0.2102,0.2102,0.202,2026-06-18T11:04:18.979854Z,2026-06-18T11:04:18.979854Z
USD/SEK,USD,SEK,1,9.4862,9.6739,9.6739,9.4862,2026-06-18T11:04:18.982967Z,2026-06-18T11:04:18.982967Z
ZAR/SEK,ZAR,SEK,1,0.57634,0.58846,0.58846,0.57634,2026-06-18T11:04:18.963003Z,2026-06-18T11:04:18.963003Z
