pair,base_currency,quote_currency,quoted_per_units,bid_per_unit,ask_per_unit,ask_sek_per_fx,bid_sek_per_fx,ask_timestamp,bid_timestamp
AED/SEK,AED,SEK,1,2.6021,2.6735,2.6735,2.6021,2026-07-09T09:47:37.179220Z,2026-07-09T09:47:37.179220Z
AUD/SEK,AUD,SEK,1,6.6518,6.7835,6.7835,6.6518,2026-07-09T09:47:37.169926Z,2026-07-09T09:47:37.169926Z
BDT/SEK,BDT,SEK,1,0.075974,0.081226,0.081226,0.075974,2026-07-09T09:47:37.171209Z,2026-07-09T09:47:37.171209Z
BHD/SEK,BHD,SEK,1,25.3473,26.0492,26.0492,25.3473,2026-07-09T09:47:37.186209Z,2026-07-09T09:47:37.186209Z
CAD/SEK,CAD,SEK,1,6.7647,6.8986,6.8986,6.7647,2026-07-09T09:47:37.171963Z,2026-07-09T09:47:37.171963Z
CHF/SEK,CHF,SEK,1,11.8827,12.1181,12.1181,11.8827,2026-07-09T09:47:37.170899Z,2026-07-09T09:47:37.170899Z
CNH/SEK,CNH,SEK,1,1.4058,1.4444,1.4444,1.4058,2026-07-09T09:47:37.187520Z,2026-07-09T09:47:37.187520Z
CNY/SEK,CNY,SEK,1,1.39715,1.45482,1.45482,1.39715,2026-07-09T09:47:37.172302Z,2026-07-09T09:47:37.172302Z
CZK/SEK,CZK,SEK,1,0.45175,0.46087,0.46087,0.45175,2026-07-09T09:47:37.165363Z,2026-07-09T09:47:37.165363Z
DKK/SEK,DKK,SEK,1,1.46645,1.49553,1.49553,1.46645,2026-07-09T09:47:37.177950Z,2026-07-09T09:47:37.177950Z
EGP/SEK,EGP,SEK,1,0.1892,0.2012,0.2012,0.1892,2026-07-09T09:47:37.170491Z,2026-07-09T09:47:37.170491Z
EUR/SEK,EUR,SEK,1,10.9562,11.1734,11.1734,10.9562,2026-07-09T10:06:53.716512Z,2026-07-09T10:06:53.716512Z
GBP/SEK,GBP,SEK,1,12.8643,13.119,13.119,12.8643,2026-07-09T09:47:37.171597Z,2026-07-09T09:47:37.171597Z
GIP/SEK,GIP,SEK,1,12.857158,13.126699,13.126699,12.857158,2026-07-09T09:47:37.233642Z,2026-07-09T09:47:37.233642Z
HKD/SEK,HKD,SEK,1,1.21949,1.25296,1.25296,1.21949,2026-07-09T09:47:37.164858Z,2026-07-09T09:47:37.164858Z
HUF/SEK,HUF,SEK,1,0.030574,0.031197,0.031197,0.030574,2026-07-09T09:47:37.170819Z,2026-07-09T09:47:37.170819Z
IDR/SEK,IDR,SEK,1,0.0005249,0.0005466,0.0005466,0.0005249,2026-07-09T09:47:37.181898Z,2026-07-09T09:47:37.181898Z
ILS/SEK,ILS,SEK,1,3.1505,3.238,3.238,3.1505,2026-07-09T09:47:37.165100Z,2026-07-09T09:47:37.165100Z
INR/SEK,INR,SEK,1,0.0995,0.10357,0.10357,0.0995,2026-07-09T09:47:37.184918Z,2026-07-09T09:47:37.184918Z
ISK/SEK,ISK,SEK,1,0.0757,0.0789,0.0789,0.0757,2026-07-09T09:47:37.167815Z,2026-07-09T09:47:37.167815Z
JPY/SEK,JPY,SEK,1,0.059059,0.060228,0.060228,0.059059,2026-07-09T09:47:37.180108Z,2026-07-09T09:47:37.180108Z
KES/SEK,KES,SEK,1,0.0734,0.0766,0.0766,0.0734,2026-07-09T09:47:37.170722Z,2026-07-09T09:47:37.170722Z
KRW/SEK,KRW,SEK,1,0.006288,0.00652,0.00652,0.006288,2026-07-09T09:47:37.179060Z,2026-07-09T09:47:37.179060Z
KWD/SEK,KWD,SEK,1,30.8322,31.7296,31.7296,30.8322,2026-07-09T09:47:37.179508Z,2026-07-09T09:47:37.179508Z
KZT/SEK,KZT,SEK,1,0.020321,0.021167,0.021167,0.020321,2026-07-09T09:47:37.181054Z,2026-07-09T09:47:37.181054Z
LKR/SEK,LKR,SEK,1,0.028013,0.029787,0.029787,0.028013,2026-07-09T09:47:37.170498Z,2026-07-09T09:47:37.170498Z
MAD/SEK,MAD,SEK,1,1.0149,1.057,1.057,1.0149,2026-07-09T09:47:37.192602Z,2026-07-09T09:47:37.192602Z
MXN/SEK,MXN,SEK,1,0.5444,0.5594,0.5594,0.5444,2026-07-09T09:47:37.185905Z,2026-07-09T09:47:37.185905Z
MYR/SEK,MYR,SEK,1,2.3501,2.4021,2.4021,2.3501,2026-07-09T09:47:37.178396Z,2026-07-09T09:47:37.178396Z
NOK/SEK,NOK,SEK,1,0.98274,1.00225,1.00225,0.98274,2026-07-09T09:47:37.187168Z,2026-07-09T09:47:37.187168Z
NZD/SEK,NZD,SEK,1,5.4984,5.6076,5.6076,5.4984,2026-07-09T09:47:37.188732Z,2026-07-09T09:47:37.188732Z
PEN/SEK,PEN,SEK,1,2.783871,2.900004,2.900004,2.783871,2026-07-09T09:47:37.229259Z,2026-07-09T09:47:37.229259Z
PHP/SEK,PHP,SEK,1,0.154,0.1604,0.1604,0.154,2026-07-09T09:47:37.167788Z,2026-07-09T09:47:37.167788Z
PKR/SEK,PKR,SEK,1,0.0337,0.0359,0.0359,0.0337,2026-07-09T09:47:37.184917Z,2026-07-09T09:47:37.184917Z
PLN/SEK,PLN,SEK,1,2.54286,2.59344,2.59344,2.54286,2026-07-09T09:47:37.170340Z,2026-07-09T09:47:37.170340Z
QAR/SEK,QAR,SEK,1,2.6042,2.7112,2.7112,2.6042,2026-07-09T09:47:37.231533Z,2026-07-09T09:47:37.231533Z
RON/SEK,RON,SEK,1,2.0932,2.1355,2.1355,2.0932,2026-07-09T09:47:37.176172Z,2026-07-09T09:47:37.176172Z
RSD/SEK,RSD,SEK,1,0.092367,0.096341,0.096341,0.092367,2026-07-09T09:47:37.186691Z,2026-07-09T09:47:37.186691Z
SAR/SEK,SAR,SEK,1,2.5451,2.6154,2.6154,2.5451,2026-07-09T09:47:37.185272Z,2026-07-09T09:47:37.185272Z
SGD/SEK,SGD,SEK,1,7.4179,7.5647,7.5647,7.4179,2026-07-09T09:47:37.178849Z,2026-07-09T09:47:37.178849Z
THB/SEK,THB,SEK,1,0.28572,0.29358,0.29358,0.28572,2026-07-09T09:47:37.182606Z,2026-07-09T09:47:37.182606Z
TND/SEK,TND,SEK,1,3.207,3.3513,3.3513,3.207,2026-07-09T09:47:37.178719Z,2026-07-09T09:47:37.178719Z
TRY/SEK,TRY,SEK,1,0.202,0.2103,0.2103,0.202,2026-07-09T09:47:37.186304Z,2026-07-09T09:47:37.186304Z
USD/SEK,USD,SEK,1,9.5938,9.7835,9.7835,9.5938,2026-07-09T09:47:37.186570Z,2026-07-09T09:47:37.186570Z
ZAR/SEK,ZAR,SEK,1,0.58516,0.59745,0.59745,0.58516,2026-07-09T09:47:37.164492Z,2026-07-09T09:47:37.164492Z
