pair,base_currency,quote_currency,quoted_per_units,bid_per_unit,ask_per_unit,ask_sek_per_fx,bid_sek_per_fx,ask_timestamp,bid_timestamp
AED/SEK,AED,SEK,1,2.5206,2.5899,2.5899,2.5206,2026-06-15T12:04:53.196380Z,2026-06-15T12:04:53.196380Z
AUD/SEK,AUD,SEK,1,6.5707,6.701,6.701,6.5707,2026-06-15T12:04:53.205244Z,2026-06-15T12:04:53.205244Z
BDT/SEK,BDT,SEK,1,0.07403,0.078875,0.078875,0.07403,2026-06-15T12:04:53.204532Z,2026-06-15T12:04:53.204532Z
BHD/SEK,BHD,SEK,1,24.5507,25.2316,25.2316,24.5507,2026-06-15T12:04:53.215694Z,2026-06-15T12:04:53.215694Z
CAD/SEK,CAD,SEK,1,6.6479,6.7796,6.7796,6.6479,2026-06-15T12:04:53.216215Z,2026-06-15T12:04:53.216215Z
CHF/SEK,CHF,SEK,1,11.7143,11.9466,11.9466,11.7143,2026-06-15T12:04:53.205655Z,2026-06-15T12:04:53.205655Z
CNH/SEK,CNH,SEK,1,1.37,1.4076,1.4076,1.37,2026-06-15T12:04:53.207999Z,2026-06-15T12:04:53.207999Z
CNY/SEK,CNY,SEK,1,1.36067,1.41694,1.41694,1.36067,2026-06-15T12:04:53.215738Z,2026-06-15T12:04:53.215738Z
CZK/SEK,CZK,SEK,1,0.44691,0.45594,0.45594,0.44691,2026-06-15T12:04:53.205887Z,2026-06-15T12:04:53.205887Z
DKK/SEK,DKK,SEK,1,1.44376,1.4724,1.4724,1.44376,2026-06-15T12:04:53.215837Z,2026-06-15T12:04:53.215837Z
EGP/SEK,EGP,SEK,1,0.1804,0.1919,0.1919,0.1804,2026-06-15T12:04:53.206012Z,2026-06-15T12:04:53.206012Z
EUR/SEK,EUR,SEK,1,10.7906,11.0047,11.0047,10.7906,2026-06-15T12:04:53.219512Z,2026-06-15T12:04:53.219512Z
GBP/SEK,GBP,SEK,1,12.4779,12.7252,12.7252,12.4779,2026-06-15T12:04:53.197609Z,2026-06-15T12:04:53.197609Z
GIP/SEK,GIP,SEK,1,12.470933,12.732568,12.732568,12.470933,2026-06-15T12:04:53.215353Z,2026-06-15T12:04:53.215353Z
HKD/SEK,HKD,SEK,1,1.18181,1.21426,1.21426,1.18181,2026-06-15T12:04:53.204172Z,2026-06-15T12:04:53.204172Z
HUF/SEK,HUF,SEK,1,0.030772,0.031396,0.031396,0.030772,2026-06-15T12:04:53.217015Z,2026-06-15T12:04:53.217015Z
IDR/SEK,IDR,SEK,1,0.0005193,0.000541,0.000541,0.0005193,2026-06-15T12:04:53.207654Z,2026-06-15T12:04:53.207654Z
ILS/SEK,ILS,SEK,1,3.1786,3.2673,3.2673,3.1786,2026-06-15T12:04:53.215432Z,2026-06-15T12:04:53.215432Z
INR/SEK,INR,SEK,1,0.0971,0.10109,0.10109,0.0971,2026-06-15T12:04:53.213014Z,2026-06-15T12:04:53.213014Z
ISK/SEK,ISK,SEK,1,0.0738,0.0769,0.0769,0.0738,2026-06-15T12:04:53.216100Z,2026-06-15T12:04:53.216100Z
JPY/SEK,JPY,SEK,1,0.058022,0.059171,0.059171,0.058022,2026-06-15T12:04:53.215373Z,2026-06-15T12:04:53.215373Z
KES/SEK,KES,SEK,1,0.071,0.0741,0.0741,0.071,2026-06-15T12:04:53.223306Z,2026-06-15T12:04:53.223306Z
KRW/SEK,KRW,SEK,1,0.006089,0.006314,0.006314,0.006089,2026-06-15T12:04:53.213027Z,2026-06-15T12:04:53.213027Z
KWD/SEK,KWD,SEK,1,30.0018,30.8878,30.8878,30.0018,2026-06-15T12:04:53.220085Z,2026-06-15T12:04:53.220085Z
KZT/SEK,KZT,SEK,1,0.018798,0.01958,0.01958,0.018798,2026-06-15T12:04:53.209259Z,2026-06-15T12:04:53.209259Z
LKR/SEK,LKR,SEK,1,0.027334,0.029053,0.029053,0.027334,2026-06-15T12:04:53.215280Z,2026-06-15T12:04:53.215280Z
MAD/SEK,MAD,SEK,1,0.9943,1.0356,1.0356,0.9943,2026-06-15T12:04:53.210077Z,2026-06-15T12:04:53.210077Z
MXN/SEK,MXN,SEK,1,0.53824,0.55306,0.55306,0.53824,2026-06-15T12:04:53.204645Z,2026-06-15T12:04:53.204645Z
MYR/SEK,MYR,SEK,1,2.2919,2.3422,2.3422,2.2919,2026-06-15T12:04:53.214851Z,2026-06-15T12:04:53.214851Z
NOK/SEK,NOK,SEK,1,0.97611,0.9955,0.9955,0.97611,2026-06-15T12:04:53.206365Z,2026-06-15T12:04:53.206365Z
NZD/SEK,NZD,SEK,1,5.4279,5.5357,5.5357,5.4279,2026-06-15T12:04:53.214968Z,2026-06-15T12:04:53.214968Z
PEN/SEK,PEN,SEK,1,2.712738,2.82571,2.82571,2.712738,2026-06-15T12:04:53.207889Z,2026-06-15T12:04:53.207889Z
PHP/SEK,PHP,SEK,1,0.1521,0.1584,0.1584,0.1521,2026-06-15T12:04:53.188275Z,2026-06-15T12:04:53.188275Z
PKR/SEK,PKR,SEK,1,0.0327,0.0347,0.0347,0.0327,2026-06-15T12:04:53.214607Z,2026-06-15T12:04:53.214607Z
PLN/SEK,PLN,SEK,1,2.54173,2.59233,2.59233,2.54173,2026-06-15T12:04:53.218827Z,2026-06-15T12:04:53.218827Z
QAR/SEK,QAR,SEK,1,2.5227,2.6262,2.6262,2.5227,2026-06-15T12:04:53.222924Z,2026-06-15T12:04:53.222924Z
RON/SEK,RON,SEK,1,2.0605,2.1018,2.1018,2.0605,2026-06-15T12:04:53.222992Z,2026-06-15T12:04:53.222992Z
RSD/SEK,RSD,SEK,1,0.090876,0.094777,0.094777,0.090876,2026-06-15T12:04:53.209627Z,2026-06-15T12:04:53.209627Z
SAR/SEK,SAR,SEK,1,2.4671,2.5351,2.5351,2.4671,2026-06-15T12:04:53.205552Z,2026-06-15T12:04:53.205552Z
SGD/SEK,SGD,SEK,1,7.2491,7.3927,7.3927,7.2491,2026-06-15T12:04:53.207307Z,2026-06-15T12:04:53.207307Z
THB/SEK,THB,SEK,1,0.28449,0.29232,0.29232,0.28449,2026-06-15T12:04:53.212950Z,2026-06-15T12:04:53.212950Z
TND/SEK,TND,SEK,1,3.1388,3.2812,3.2812,3.1388,2026-06-15T12:04:53.198052Z,2026-06-15T12:04:53.198052Z
TRY/SEK,TRY,SEK,1,0.1986,0.2067,0.2067,0.1986,2026-06-15T12:04:53.210652Z,2026-06-15T12:04:53.210652Z
USD/SEK,USD,SEK,1,9.2938,9.4777,9.4777,9.2938,2026-06-15T12:04:53.208208Z,2026-06-15T12:04:53.208208Z
ZAR/SEK,ZAR,SEK,1,0.57329,0.58534,0.58534,0.57329,2026-06-15T12:04:53.187947Z,2026-06-15T12:04:53.187947Z
